%% This BibTeX bibliography file was created using BibDesk.
%% http://bibdesk.sourceforge.net/

%% Created for Robyn Sanderson Grier at 2019-04-24 10:34:40 -0400 


%% Saved with string encoding Unicode (UTF-8) 



@article{2017MNRAS.465...76M,
	Adsnote = {Provided by the SAO/NASA Astrophysics Data System},
	Adsurl = {https://ui.adsabs.harvard.edu/abs/2017MNRAS.465...76M},
	Archiveprefix = {arXiv},
	Author = {{McMillan}, Paul J.},
	Date-Added = {2019-04-24 10:29:09 -0400},
	Date-Modified = {2019-04-24 10:29:09 -0400},
	Doi = {10.1093/mnras/stw2759},
	Eprint = {1608.00971},
	Journal = {\mnras},
	Keywords = {methods: statistical, Galaxy: fundamental parameters, Galaxy: kinematics and dynamics, Galaxy: structure, Astrophysics - Astrophysics of Galaxies},
	Month = {Feb},
	Number = {1},
	Pages = {76-94},
	Primaryclass = {astro-ph.GA},
	Title = {{The mass distribution and gravitational potential of the Milky Way}},
	Volume = {465},
	Year = {2017}}

@ARTICLE{2018MNRAS.480..800H,
       author = {{Hopkins}, Philip F. and {Wetzel}, Andrew and
         {Kere{\v{s}}}, Du{\v{s}}an and {Faucher-Gigu{\`e}re}, Claude-Andr{\'e} and
         {Quataert}, Eliot and {Boylan-Kolchin}, Michael and {Murray}, Norman and
         {Hayward}, Christopher C. and {Garrison-Kimmel}, Shea and
         {Hummels}, Cameron and {Feldmann}, Robert and {Torrey}, Paul and
         {Ma}, Xiangcheng and {Angl{\'e}s-Alc{\'a}zar}, Daniel and
         {Su}, Kung-Yi and {Orr}, Matthew and {Schmitz}, Denise and
         {Escala}, Ivanna and {Sanderson}, Robyn and {Grudi{\'c}}, Michael Y. and
         {Hafen}, Zachary and {Kim}, Ji-Hoon and {Fitts}, Alex and
         {Bullock}, James S. and {Wheeler}, Coral and {Chan}, T.~K. and
         {Elbert}, Oliver D. and {Narayanan}, Desika},
        title = "{FIRE-2 simulations: physics versus numerics in galaxy formation}",
      journal = {\mnras},
     keywords = {methods: numerical, stars: formation, galaxies: active, galaxies: evolution, galaxies: formation, cosmology: theory, Astrophysics - Astrophysics of Galaxies, Astrophysics - Cosmology and Nongalactic Astrophysics, Astrophysics - Instrumentation and Methods for Astrophysics},
         year = "2018",
        month = "Oct",
       volume = {480},
       number = {1},
        pages = {800-863},
          doi = {10.1093/mnras/sty1690},
archivePrefix = {arXiv},
       eprint = {1702.06148},
 primaryClass = {astro-ph.GA},
       adsurl = {https://ui.adsabs.harvard.edu/abs/2018MNRAS.480..800H},
      adsnote = {Provided by the SAO/NASA Astrophysics Data System}
}



@article{1990MNRAS.244..634M,
	Adsnote = {Provided by the SAO/NASA Astrophysics Data System},
	Adsurl = {https://ui.adsabs.harvard.edu/\#abs/1990MNRAS.244..634M},
	Author = {{McGill}, Colin and {Binney}, James},
	Date-Added = {2019-02-12 14:20:21 -0500},
	Date-Modified = {2019-02-12 14:20:21 -0500},
	Journal = {\mnras},
	Keywords = {Celestial Mechanics, Eccentric Orbits, Gravitational Fields, Angles (Geometry), Astronomical Coordinates, Hamiltonian Functions, Kepler Laws, Least Squares Method, Toruses, Astrophysics},
	Month = Jun,
	Pages = {634-645},
	Title = {{Torus construction in general gravitational potentials}},
	Volume = {244},
	Year = 1990}

@article{2018arXiv180610564S,
	Adsnote = {Provided by the SAO/NASA Astrophysics Data System},
	Adsurl = {https://ui.adsabs.harvard.edu/#abs/2018arXiv180610564S},
	Archiveprefix = {arXiv},
	Author = {{Sanderson}, Robyn E. and {Wetzel}, Andrew and {Loebman}, Sarah and {Sharma}, Sanjib and {Hopkins}, Philip F. and {Garrison-Kimmel}, Shea and {Faucher-Gigu{\`e}re}, Claude-Andr{\'e} and {Kere{\v{s}}}, Du{\v{s}}an and {Quataert}, Eliot},
	Eid = {arXiv:1806.10564},
	Eprint = {1806.10564},
	Journal = {ArXiv e-prints},
	Keywords = {Astrophysics - Astrophysics of Galaxies, Astrophysics - Instrumentation and Methods for Astrophysics},
	Month = Jun,
	Pages = {arXiv:1806.10564},
	Primaryclass = {astro-ph.GA},
	Title = {{Synthetic Gaia surveys from the FIRE cosmological simulations of Milky- Way-mass galaxies}},
	Year = 2018}

@article{2008ApJ...673..864J,
	Adsnote = {Provided by the SAO/NASA Astrophysics Data System},
	Adsurl = {http://adsabs.harvard.edu/abs/2008ApJ...673..864J},
	Author = {{Juri{\'c}}, M. and {Ivezi{\'c}}, {\v Z}. and {Brooks}, A. and {Lupton}, R.~H. and {Schlegel}, D. and {Finkbeiner}, D. and {Padmanabhan}, N. and {Bond}, N. and {Sesar}, B. and {Rockosi}, C.~M. and {Knapp}, G.~R. and {Gunn}, J.~E. and {Sumi}, T. and {Schneider}, D.~P. and {Barentine}, J.~C. and {Brewington}, H.~J. and {Brinkmann}, J. and {Fukugita}, M. and {Harvanek}, M. and {Kleinman}, S.~J. and {Krzesinski}, J. and {Long}, D. and {Neilsen}, Jr., E.~H. and {Nitta}, A. and {Snedden}, S.~A. and {York}, D.~G.},
	Doi = {10.1086/523619},
	Eprint = {astro-ph/0510520},
	Journal = {\apj},
	Keywords = {Galaxy: disk, Galaxy: fundamental parameters, Galaxy: halo, Galaxy: structure},
	Month = feb,
	Pages = {864-914},
	Title = {{The Milky Way Tomography with SDSS. I. Stellar Number Density Distribution}},
	Volume = 673,
	Year = 2008,
	Bdsk-Url-1 = {https://doi.org/10.1086/523619}}

@article{2016ARAA..54..529B,
	Adsnote = {Provided by the SAO/NASA Astrophysics Data System},
	Adsurl = {http://adsabs.harvard.edu/abs/2016ARA%26A..54..529B},
	Archiveprefix = {arXiv},
	Author = {{Bland-Hawthorn}, J. and {Gerhard}, O.},
	Doi = {10.1146/annurev-astro-081915-023441},
	Eprint = {1602.07702},
	Journal = {\araa},
	Month = sep,
	Pages = {529-596},
	Title = {{The Galaxy in Context: Structural, Kinematic, and Integrated Properties}},
	Volume = 54,
	Year = 2016,
	Bdsk-Url-1 = {https://doi.org/10.1146/annurev-astro-081915-023441}}

@article{2014MNRAS.437.1894O,
	Adsnote = {Provided by the SAO/NASA Astrophysics Data System},
	Adsurl = {http://adsabs.harvard.edu/abs/2014MNRAS.437.1894O},
	Archiveprefix = {arXiv},
	Author = {{O{\~n}orbe}, J. and {Garrison-Kimmel}, S. and {Maller}, A.~H. and {Bullock}, J.~S. and {Rocha}, M. and {Hahn}, O.},
	Doi = {10.1093/mnras/stt2020},
	Eprint = {1305.6923},
	Journal = {\mnras},
	Keywords = {methods: numerical, galaxies: formation, galaxies: haloes, cosmology: theory},
	Month = jan,
	Pages = {1894-1908},
	Title = {{How to zoom: bias, contamination and Lagrange volumes in multimass cosmological simulations}},
	Volume = 437,
	Year = 2014,
	Bdsk-Url-1 = {https://doi.org/10.1093/mnras/stt2020}}

@article{1993ApJ...412..455K,
	Adsnote = {Provided by the SAO/NASA Astrophysics Data System},
	Adsurl = {http://adsabs.harvard.edu/abs/1993ApJ...412..455K},
	Author = {{Katz}, N. and {White}, S.~D.~M.},
	Doi = {10.1086/172935},
	Journal = {\apj},
	Keywords = {Dark Matter, Galactic Clusters, Galactic Evolution, X Ray Sources, Baryons, Cosmic Gases, Galactic Mass},
	Month = aug,
	Pages = {455-478},
	Title = {{Hierarchical galaxy formation - Overmerging and the formation of an X-ray cluster}},
	Volume = 412,
	Year = 1993,
	Bdsk-Url-1 = {https://doi.org/10.1086/172935}}

@article{2018arXiv180706209P,
	Adsnote = {Provided by the SAO/NASA Astrophysics Data System},
	Adsurl = {https://ui.adsabs.harvard.edu/#abs/2018arXiv180706209P},
	Archiveprefix = {arXiv},
	Author = {{Planck Collaboration} and {Aghanim}, N. and {Akrami}, Y. and {Ashdown}, M. and {Aumont}, J. and {Baccigalupi}, C. and {Ballardini}, M. and {Banday}, A.~J. and {Barreiro}, R.~B. and {Bartolo}, N. and {Basak}, S. and {Battye}, R. and {Benabed}, K. and {Bernard}, J. -P. and {Bersanelli}, M. and {Bielewicz}, P. and {Bock}, J.~J. and {Bond}, J.~R. and {Borrill}, J. and {Bouchet}, F.~R. and {Boulanger}, F. and {Bucher}, M. and {Burigana}, C. and {Butler}, R.~C. and {Calabrese}, E. and {Cardoso}, J. -F. and {Carron}, J. and {Challinor}, A. and {Chiang}, H.~C. and {Chluba}, J. and {Colombo}, L.~P.~L. and {Combet}, C. and {Contreras}, D. and {Crill}, B.~P. and {Cuttaia}, F. and {de Bernardis}, P. and {de Zotti}, G. and {Delabrouille}, J. and {Delouis}, J. -M. and {Di Valentino}, E. and {Diego}, J.~M. and {Dor{\'e}}, O. and {Douspis}, M. and {Ducout}, A. and {Dupac}, X. and {Dusini}, S. and {Efstathiou}, G. and {Elsner}, F. and {En{\ss}lin}, T.~A. and {Eriksen}, H.~K. and {Fantaye}, Y. and {Farhang}, M. and {Fergusson}, J. and {Fernandez-Cobos}, R. and {Finelli}, F. and {Forastieri}, F. and {Frailis}, M. and {Franceschi}, E. and {Frolov}, A. and {Galeotta}, S. and {Galli}, S. and {Ganga}, K. and {G{\'e}nova-Santos}, R.~T. and {Gerbino}, M. and {Ghosh}, T. and {Gonz{\'a}lez-Nuevo}, J. and {G{\'o}rski}, K.~M. and {Gratton}, S. and {Gruppuso}, A. and {Gudmundsson}, J.~E. and {Hamann}, J. and {Handley}, W. and {Herranz}, D. and {Hivon}, E. and {Huang}, Z. and {Jaffe}, A.~H. and {Jones}, W.~C. and {Karakci}, A. and {Keih{\"a}nen}, E. and {Keskitalo}, R. and {Kiiveri}, K. and {Kim}, J. and {Kisner}, T.~S. and {Knox}, L. and {Krachmalnicoff}, N. and {Kunz}, M. and {Kurki-Suonio}, H. and {Lagache}, G. and {Lamarre}, J. -M. and {Lasenby}, A. and {Lattanzi}, M. and {Lawrence}, C.~R. and {Le Jeune}, M. and {Lemos}, P. and {Lesgourgues}, J. and {Levrier}, F. and {Lewis}, A. and {Liguori}, M. and {Lilje}, P.~B. and {Lilley}, M. and {Lindholm}, V. and {L{\'o}pez-Caniego}, M. and {Lubin}, P.~M. and {Ma}, Y. -Z. and {Mac{\'\i}as-P{\'e}rez}, J.~F. and {Maggio}, G. and {Maino}, D. and {Mandolesi}, N. and {Mangilli}, A. and {Marcos-Caballero}, A. and {Maris}, M. and {Martin}, P.~G. and {Martinelli}, M. and {Mart{\'\i}nez- Gonz{\'a}lez}, E. and {Matarrese}, S. and {Mauri}, N. and {McEwen}, J.~D. and {Meinhold}, P.~R. and {Melchiorri}, A. and {Mennella}, A. and {Migliaccio}, M. and {Millea}, M. and {Mitra}, S. and {Miville-Desch{\^e}nes}, M. -A. and {Molinari}, D. and {Montier}, L. and {Morgante}, G. and {Moss}, A. and {Natoli}, P. and {N{\o}rgaard-Nielsen}, H.~U. and {Pagano}, L. and {Paoletti}, D. and {Partridge}, B. and {Patanchon}, G. and {Peiris}, H.~V. and {Perrotta}, F. and {Pettorino}, V. and {Piacentini}, F. and {Polastri}, L. and {Polenta}, G. and {Puget}, J. -L. and {Rachen}, J.~P. and {Reinecke}, M. and {Remazeilles}, M. and {Renzi}, A. and {Rocha}, G. and {Rosset}, C. and {Roudier}, G. and {Rubi{\~n}o-Mart{\'\i}n}, J.~A. and {Ruiz-Granados}, B. and {Salvati}, L. and {Sandri}, M. and {Savelainen}, M. and {Scott}, D. and {Shellard}, E.~P.~S. and {Sirignano}, C. and {Sirri}, G. and {Spencer}, L.~D. and {Sunyaev}, R. and {Suur-Uski}, A. -S. and {Tauber}, J.~A. and {Tavagnacco}, D. and {Tenti}, M. and {Toffolatti}, L. and {Tomasi}, M. and {Trombetti}, T. and {Valenziano}, L. and {Valiviita}, J. and {Van Tent}, B. and {Vibert}, L. and {Vielva}, P. and {Villa}, F. and {Vittorio}, N. and {Wandelt}, B.~D. and {Wehus}, I.~K. and {White}, M. and {White}, S.~D.~M. and {Zacchei}, A. and {Zonca}, A.},
	Eid = {arXiv:1807.06209},
	Eprint = {1807.06209},
	Journal = {ArXiv e-prints},
	Keywords = {Astrophysics - Cosmology and Nongalactic Astrophysics},
	Month = Jul,
	Pages = {arXiv:1807.06209},
	Primaryclass = {astro-ph.CO},
	Title = {{Planck 2018 results. VI. Cosmological parameters}},
	Year = 2018}

@article{2011MNRAS.415.2101H,
	Adsnote = {Provided by the SAO/NASA Astrophysics Data System},
	Adsurl = {http://adsabs.harvard.edu/abs/2011MNRAS.415.2101H},
	Archiveprefix = {arXiv},
	Author = {{Hahn}, O. and {Abel}, T.},
	Doi = {10.1111/j.1365-2966.2011.18820.x},
	Eprint = {1103.6031},
	Journal = {\mnras},
	Keywords = {methods: numerical, galaxies: formation, cosmology: theory, large-scale structure of Universe},
	Month = aug,
	Pages = {2101-2121},
	Title = {{Multi-scale initial conditions for cosmological simulations}},
	Volume = 415,
	Year = 2011,
	Bdsk-Url-1 = {https://doi.org/10.1111/j.1365-2966.2011.18820.x}}

@article{2018MNRAS.481.4133G,
	Adsnote = {Provided by the SAO/NASA Astrophysics Data System},
	Adsurl = {https://ui.adsabs.harvard.edu/#abs/2018MNRAS.481.4133G},
	Author = {{Garrison-Kimmel}, Shea and {Hopkins}, Philip F. and {Wetzel}, Andrew and {El-Badry}, Kareem and {Sanderson}, Robyn E. and {Bullock}, James S. and {Ma}, Xiangcheng and {van de Voort}, Freeke and {Hafen}, Zachary and {Faucher-Gigu{\`e}re}, Claude-Andr{\'e} and {Hayward}, Christopher C. and {Quataert}, Eliot and {Kere{\v{s}}}, Du{\v{s}}an and {Boylan-Kolchin}, Michael},
	Doi = {10.1093/mnras/sty2513},
	Journal = {\mnras},
	Keywords = {galaxies: bulges, galaxies: evolution, galaxies: formation, galaxies: spiral, galaxies: structure, cosmology: theory, Astrophysics - Astrophysics of Galaxies},
	Month = Dec,
	Pages = {4133-4157},
	Primaryclass = {astro-ph.GA},
	Title = {{The origin of the diverse morphologies and kinematics of Milky Way-mass galaxies in the FIRE-2 simulations}},
	Volume = {481},
	Year = 2018,
	Bdsk-Url-1 = {https://doi.org/10.1093/mnras/sty2513}}

@article{2016ApJ...827L..23W,
	Adsnote = {Provided by the SAO/NASA Astrophysics Data System},
	Adsurl = {http://adsabs.harvard.edu/abs/2016ApJ...827L..23W},
	Archiveprefix = {arXiv},
	Author = {{Wetzel}, A.~R. and {Hopkins}, P.~F. and {Kim}, J.-h. and {Faucher-Gigu{\`e}re}, C.-A. and {Kere{\v s}}, D. and {Quataert}, E.},
	Doi = {10.3847/2041-8205/827/2/L23},
	Eid = {L23},
	Eprint = {1602.05957},
	Journal = {\apjl},
	Keywords = {cosmology: theory, galaxies: dwarf, galaxies: formation, galaxies: star formation, Local Group, methods: numerical},
	Month = aug,
	Pages = {L23},
	Title = {{Reconciling Dwarf Galaxies with {$\Lambda$}CDM Cosmology: Simulating a Realistic Population of Satellites around a Milky Way-mass Galaxy}},
	Volume = 827,
	Year = 2016,
	Bdsk-Url-1 = {https://doi.org/10.3847/2041-8205/827/2/L23}}

@article{2013CoPhC.184..456P,
	Adsnote = {Provided by the SAO/NASA Astrophysics Data System},
	Adsurl = {http://adsabs.harvard.edu/abs/2013CoPhC.184..456P},
	Archiveprefix = {arXiv},
	Author = {{Portegies Zwart}, S. and {McMillan}, S.~L.~W. and {van Elteren}, E. and {Pelupessy}, I. and {de Vries}, N.},
	Doi = {10.1016/j.cpc.2012.09.024},
	Eprint = {1204.5522},
	Journal = {Computer Physics Communications},
	Keywords = {Computer applications, Physical sciences and engineering, Astronomy, Computing methodologies: simulation modeling, and visualization, Distributed computing},
	Month = mar,
	Pages = {456-468},
	Primaryclass = {astro-ph.IM},
	Title = {{Multi-physics simulations using a hierarchical interchangeable software interface}},
	Volume = 184,
	Year = 2013,
	Bdsk-Url-1 = {https://doi.org/10.1016/j.cpc.2012.09.024}}

@article{2013A&A...557A..84P,
	Adsnote = {Provided by the SAO/NASA Astrophysics Data System},
	Adsurl = {http://adsabs.harvard.edu/abs/2013A%26A...557A..84P},
	Archiveprefix = {arXiv},
	Author = {{Pelupessy}, F.~I. and {van Elteren}, A. and {de Vries}, N. and {McMillan}, S.~L.~W. and {Drost}, N. and {Portegies Zwart}, S.~F.},
	Doi = {10.1051/0004-6361/201321252},
	Eid = {A84},
	Eprint = {1307.3016},
	Journal = {\aap},
	Keywords = {methods: numerical, hydrodynamics, radiative transfer, stars: evolution, stars: kinematics and dynamics},
	Month = sep,
	Pages = {A84},
	Primaryclass = {astro-ph.IM},
	Title = {{The Astrophysical Multipurpose Software Environment}},
	Volume = 557,
	Year = 2013,
	Bdsk-Url-1 = {https://doi.org/10.1051/0004-6361/201321252}}

@misc{2011ascl.soft07007P,
	Adsnote = {Provided by the SAO/NASA Astrophysics Data System},
	Adsurl = {http://adsabs.harvard.edu/abs/2011ascl.soft07007P},
	Archiveprefix = {ascl},
	Author = {{Portegies Zwart}, S.},
	Eprint = {1107.007},
	Howpublished = {Astrophysics Source Code Library},
	Keywords = {Software},
	Month = jul,
	Title = {{AMUSE: Astrophysical Multipurpose Software Environment}},
	Year = 2011}

@article{2007PASJ...59.1095F,
	Adsnote = {Provided by the SAO/NASA Astrophysics Data System},
	Adsurl = {https://ui.adsabs.harvard.edu/#abs/2007PASJ...59.1095F},
	Archiveprefix = {arXiv},
	Author = {{Fujii}, Michiko and {Iwasawa}, Masaki and {Funato}, Yoko and {Makino}, Junichiro},
	Doi = {10.1093/pasj/59.6.1095},
	Eprint = {0706.2059},
	Journal = {Publications of the Astronomical Society of Japan},
	Keywords = {galaxies: star clusters, methods: numerical, n-body simulations, stellar dynamics, Astrophysics},
	Month = Dec,
	Pages = {1095},
	Primaryclass = {astro-ph},
	Title = {{BRIDGE: A Direct-Tree Hybrid N-Body Algorithm for Fully Self-Consistent Simulations of Star Clusters and Their Parent Galaxies}},
	Volume = {59},
	Year = 2007,
	Bdsk-Url-1 = {https://doi.org/10.1093/pasj/59.6.1095}}

@article{2018Natur.563...85H,
	Adsnote = {Provided by the SAO/NASA Astrophysics Data System},
	Adsurl = {http://adsabs.harvard.edu/abs/2018Natur.563...85H},
	Archiveprefix = {arXiv},
	Author = {{Helmi}, A. and {Babusiaux}, C. and {Koppelman}, H.~H. and {Massari}, D. and {Veljanoski}, J. and {Brown}, A.~G.~A.},
	Doi = {10.1038/s41586-018-0625-x},
	Eprint = {1806.06038},
	Journal = {\nat},
	Month = nov,
	Pages = {85-88},
	Title = {{The merger that led to the formation of the Milky Way's inner stellar halo and thick disk}},
	Volume = 563,
	Year = 2018,
	Bdsk-Url-1 = {https://doi.org/10.1038/s41586-018-0625-x}}

@article{2018arXiv181103631B,
	Adsnote = {Provided by the SAO/NASA Astrophysics Data System},
	Adsurl = {http://adsabs.harvard.edu/abs/2018arXiv181103631B},
	Archiveprefix = {arXiv},
	Author = {{Bonaca}, A. and {Hogg}, D.~W. and {Price-Whelan}, A.~M. and {Conroy}, C.},
	Eprint = {1811.03631},
	Journal = {ArXiv e-prints},
	Keywords = {Astrophysics - Astrophysics of Galaxies, Astrophysics - Cosmology and Nongalactic Astrophysics, High Energy Physics - Phenomenology},
	Month = nov,
	Title = {{The Spur and the Gap in GD-1: Dynamical evidence for a dark substructure in the Milky Way halo}},
	Year = 2018}

@book{2008gady.book.....B,
	Adsnote = {Provided by the SAO/NASA Astrophysics Data System},
	Adsurl = {http://adsabs.harvard.edu/abs/2008gady.book.....B},
	Author = {{Binney}, J. and {Tremaine}, S.},
	Booktitle = {Galactic Dynamics: Second Edition, by James Binney and Scott Tremaine.~ISBN 978-0-691-13026-2 (HB).~Published by Princeton University Press, Princeton, NJ USA, 2008.},
	Publisher = {Princeton University Press},
	Title = {{Galactic Dynamics: Second Edition}},
	Year = 2008}

@article{2004ApJ...616..872R,
	Adsnote = {Provided by the SAO/NASA Astrophysics Data System},
	Adsurl = {http://adsabs.harvard.edu/abs/2004ApJ...616..872R},
	Author = {{Reid}, M.~J. and {Brunthaler}, A.},
	Doi = {10.1086/424960},
	Eprint = {astro-ph/0408107},
	Journal = {\apj},
	Keywords = {Astrometry, Black Hole Physics, Galaxy: Center, Galaxy: Fundamental Parameters, Galaxy: Structure},
	Month = dec,
	Pages = {872-884},
	Title = {{The Proper Motion of Sagittarius A*. II. The Mass of Sagittarius A*}},
	Volume = 616,
	Year = 2004,
	Bdsk-Url-1 = {https://doi.org/10.1086/424960}}

@article{2009ApJ...692.1075G,
	Adsnote = {Provided by the SAO/NASA Astrophysics Data System},
	Adsurl = {https://ui.adsabs.harvard.edu/#abs/2009ApJ...692.1075G},
	Archiveprefix = {arXiv},
	Author = {{Gillessen}, S. and {Eisenhauer}, F. and {Trippe}, S. and {Alexander}, T. and {Genzel}, R. and {Martins}, F. and {Ott}, T.},
	Doi = {10.1088/0004-637X/692/2/1075},
	Eprint = {0810.4674},
	Journal = {\apj},
	Keywords = {black hole physics, astrometry, Galaxy: center, infrared: stars, Astrophysics},
	Month = Feb,
	Pages = {1075-1109},
	Primaryclass = {astro-ph},
	Title = {{Monitoring Stellar Orbits Around the Massive Black Hole in the Galactic Center}},
	Volume = {692},
	Year = 2009,
	Bdsk-Url-1 = {https://doi.org/10.1088/0004-637X/692/2/1075}}

@article{2018AA...615L..15G,
	Adsnote = {Provided by the SAO/NASA Astrophysics Data System},
	Adsurl = {https://ui.adsabs.harvard.edu/#abs/2018A&A...615L..15G},
	Author = {{Gravity Collaboration} and {Abuter}, R. and {Amorim}, A. and {Anugu}, N. and {Baub{\"o}ck}, M. and {Benisty}, M. and {Berger}, J.~P. and {Blind}, N. and {Bonnet}, H. and {Brandner}, W. and {Buron}, A. and {Collin}, C. and {Chapron}, F. and {Cl{\'e}net}, Y. and {Coud{\'e} Du Foresto}, V. and {de Zeeuw}, P.~T. and {Deen}, C. and {Delplancke-Str{\"o}bele}, F. and {Dembet}, R. and {Dexter}, J. and {Duvert}, G. and {Eckart}, A. and {Eisenhauer}, F. and {Finger}, G. and {F{\"o}rster Schreiber}, N.~M. and {F{\'e}dou}, P. and {Garcia}, P. and {Garcia Lopez}, R. and {Gao}, F. and {Gendron}, E. and {Genzel}, R. and {Gillessen}, S. and {Gordo}, P. and {Habibi}, M. and {Haubois}, X. and {Haug}, M. and {Hau{\ss}mann}, F. and {Henning}, Th. and {Hippler}, S. and {Horrobin}, M. and {Hubert}, Z. and {Hubin}, N. and {Jimenez Rosales}, A. and {Jochum}, L. and {Jocou}, K. and {Kaufer}, A. and {Kellner}, S. and {Kendrew}, S. and {Kervella}, P. and {Kok}, Y. and {Kulas}, M. and {Lacour}, S. and {Lapeyr{\`e}re}, V. and {Lazareff}, B. and {Le Bouquin}, J. -B. and {L{\'e}na}, P. and {Lippa}, M. and {Lenzen}, R. and {M{\'e}rand}, A. and {M{\"u}ler}, E. and {Neumann}, U. and {Ott}, T. and {Palanca}, L. and {Paumard}, T. and {Pasquini}, L. and {Perraut}, K. and {Perrin}, G. and {Pfuhl}, O. and {Plewa}, P.~M. and {Rabien}, S. and {Ram{\'\i}rez}, A. and {Ramos}, J. and {Rau}, C. and {Rodr{\'\i}guez-Coira}, G. and {Rohloff}, R. -R. and {Rousset}, G. and {Sanchez-Bermudez}, J. and {Scheithauer}, S. and {Sch{\"o}ller}, M. and {Schuler}, N. and {Spyromilio}, J. and {Straub}, O. and {Straubmeier}, C. and {Sturm}, E. and {Tacconi}, L.~J. and {Tristram}, K.~R.~W. and {Vincent}, F. and {von Fellenberg}, S. and {Wank}, I. and {Waisberg}, I. and {Widmann}, F. and {Wieprecht}, E. and {Wiest}, M. and {Wiezorrek}, E. and {Woillez}, J. and {Yazici}, S. and {Ziegler}, D. and {Zins}, G.},
	Doi = {10.1051/0004-6361/201833718},
	Eid = {L15},
	Journal = {\aap},
	Keywords = {Galaxy: center, gravitation, black hole physics, Astrophysics - Astrophysics of Galaxies, General Relativity and Quantum Cosmology, Physics - Classical Physics},
	Month = Jul,
	Pages = {L15},
	Primaryclass = {astro-ph.GA},
	Title = {{Detection of the gravitational redshift in the orbit of the star S2 near the Galactic centre massive black hole}},
	Volume = {615},
	Year = 2018,
	Bdsk-Url-1 = {https://doi.org/10.1051/0004-6361/201833718}}

@article{2001ApJ...553..184C,
	Adsnote = {Provided by the SAO/NASA Astrophysics Data System},
	Adsurl = {https://ui.adsabs.harvard.edu/#abs/2001ApJ...553..184C},
	Author = {{Chen}, Bing and {Stoughton}, Chris and {Smith}, J. Allyn and {Uomoto}, Alan and {Pier}, Jeffrey R. and {Yanny}, Brian and {Ivezi{\'c}}, {\v{Z}}eljko and {York}, Donald G. and {Anderson}, John E. and {Annis}, James and {Brinkmann}, Jon and {Csabai}, Istv{\'a}n and {Fukugita}, Masataka and {Hindsley}, Robert and {Lupton}, Robert and {Munn}, Jeffrey A. and {SDSS Collaboration}},
	Doi = {10.1086/320647},
	Journal = {\apj},
	Keywords = {Galaxy: Stellar Content, Galaxy: Structure},
	Month = May,
	Pages = {184-197},
	Title = {{Stellar Population Studies with the SDSS. I. The Vertical Distribution of Stars in the Milky Way}},
	Volume = {553},
	Year = 2001,
	Bdsk-Url-1 = {https://doi.org/10.1086/320647}}

@article{2019MNRAS.482.1417B,
	Adsnote = {Provided by the SAO/NASA Astrophysics Data System},
	Adsurl = {https://ui.adsabs.harvard.edu/#abs/2019MNRAS.482.1417B},
	Author = {{Bennett}, Morgan and {Bovy}, Jo},
	Doi = {10.1093/mnras/sty2813},
	Journal = {\mnras},
	Keywords = {instabilities, Galaxy: disc, Galaxy: fundamental parameters, Galaxy: kinematics and dynamics, solar neighbourhood, Galaxy: structure, Astrophysics - Astrophysics of Galaxies},
	Month = Jan,
	Pages = {1417-1425},
	Primaryclass = {astro-ph.GA},
	Title = {{Vertical waves in the solar neighbourhood in Gaia DR2}},
	Volume = {482},
	Year = 2019,
	Bdsk-Url-1 = {https://doi.org/10.1093/mnras/sty2813}}

@article{2014RvMP...86....1S,
	Adsnote = {Provided by the SAO/NASA Astrophysics Data System},
	Adsurl = {https://ui.adsabs.harvard.edu/#abs/2014RvMP...86....1S},
	Archiveprefix = {arXiv},
	Author = {{Sellwood}, J.~A.},
	Doi = {10.1103/RevModPhys.86.1},
	Eprint = {1310.0403},
	Journal = {Reviews of Modern Physics},
	Keywords = {98.52.-b, Normal galaxies, extragalactic objects and systems, Astrophysics - Astrophysics of Galaxies, Astrophysics - Cosmology and Nongalactic Astrophysics},
	Month = Jan,
	Pages = {1-46},
	Primaryclass = {astro-ph.GA},
	Title = {{Secular evolution in disk galaxies}},
	Volume = {86},
	Year = 2014,
	Bdsk-Url-1 = {https://doi.org/10.1103/RevModPhys.86.1}}

@article{2014MNRAS.441.3284S,
	Adsnote = {Provided by the SAO/NASA Astrophysics Data System},
	Adsurl = {https://ui.adsabs.harvard.edu/#abs/2014MNRAS.441.3284S},
	Archiveprefix = {arXiv},
	Author = {{Sanders}, Jason L. and {Binney}, James},
	Doi = {10.1093/mnras/stu796},
	Eprint = {1401.3600},
	Journal = {\mnras},
	Keywords = {methods: numerical, Galaxy: kinematics and dynamics, galaxies: kinematics and dynamics, Astrophysics - Astrophysics of Galaxies},
	Month = Jul,
	Pages = {3284-3295},
	Primaryclass = {astro-ph.GA},
	Title = {{Actions, angles and frequencies for numerically integrated orbits}},
	Volume = {441},
	Year = 2014,
	Bdsk-Url-1 = {https://doi.org/10.1093/mnras/stu796}}

@article{2015ApJS..216...29B,
	Adsnote = {Provided by the SAO/NASA Astrophysics Data System},
	Adsurl = {https://ui.adsabs.harvard.edu/#abs/2015ApJS..216...29B},
	Archiveprefix = {arXiv},
	Author = {{Bovy}, Jo},
	Doi = {10.1088/0067-0049/216/2/29},
	Eid = {29},
	Eprint = {1412.3451},
	Journal = {The Astrophysical Journal Supplement Series},
	Keywords = {galaxies: general, galaxies: kinematics and dynamics, Galaxy: fundamental parameters, Astrophysics - Astrophysics of Galaxies, Astrophysics - Instrumentation and Methods for Astrophysics},
	Month = Feb,
	Pages = {29},
	Primaryclass = {astro-ph.GA},
	Title = {{galpy: A python Library for Galactic Dynamics}},
	Volume = {216},
	Year = 2015,
	Bdsk-Url-1 = {https://doi.org/10.1088/0067-0049/216/2/29}}

@article{Dormand80:integrator,
	Author = {J.R. Dormand and P.J. Prince},
	Doi = {https://doi.org/10.1016/0771-050X(80)90013-3},
	Issn = {0377-0427},
	Journal = {Journal of Computational and Applied Mathematics},
	Number = {1},
	Pages = {19 - 26},
	Title = {A family of embedded Runge-Kutta formulae},
	Url = {http://www.sciencedirect.com/science/article/pii/0771050X80900133},
	Volume = {6},
	Year = {1980},
	Bdsk-Url-1 = {http://www.sciencedirect.com/science/article/pii/0771050X80900133},
	Bdsk-Url-2 = {https://doi.org/10.1016/0771-050X(80)90013-3}}

@article{1990ApJ...356..359H,
	Adsnote = {Provided by the SAO/NASA Astrophysics Data System},
	Adsurl = {https://ui.adsabs.harvard.edu/#abs/1990ApJ...356..359H},
	Author = {{Hernquist}, Lars},
	Doi = {10.1086/168845},
	Journal = {\apj},
	Keywords = {Computational Astrophysics, Elliptical Galaxies, Galactic Bulge, Galactic Structure, Astronomical Models, Astronomical Photometry, Brightness Distribution, Distribution Functions, Astrophysics, GALAXIES: PHOTOMETRY, GALAXIES: STRUCTURE},
	Month = Jun,
	Pages = {359},
	Title = {{An Analytical Model for Spherical Galaxies and Bulges}},
	Volume = {356},
	Year = 1990,
	Bdsk-Url-1 = {https://doi.org/10.1086/168845}}

@article{1975PASJ...27..533M,
	Adsnote = {Provided by the SAO/NASA Astrophysics Data System},
	Adsurl = {https://ui.adsabs.harvard.edu/#abs/1975PASJ...27..533M},
	Author = {{Miyamoto}, M. and {Nagai}, R.},
	Journal = {Publications of the Astronomical Society of Japan},
	Keywords = {Astronomical Models, Density Distribution, Galactic Structure, Mass Distribution, Potential Theory, Three Dimensional Models, Functions (Mathematics), Globular Clusters, Gravitational Effects, Mathematical Models, Milky Way Galaxy, Astrophysics},
	Month = Jan,
	Pages = {533-543},
	Title = {{Three-dimensional models for the distribution of mass in galaxies.}},
	Volume = {27},
	Year = 1975}

@article{1997ApJ...490..493N,
	Adsnote = {Provided by the SAO/NASA Astrophysics Data System},
	Adsurl = {https://ui.adsabs.harvard.edu/#abs/1997ApJ...490..493N},
	Archiveprefix = {arXiv},
	Author = {{Navarro}, Julio F. and {Frenk}, Carlos S. and {White}, Simon D.~M.},
	Doi = {10.1086/304888},
	Eprint = {astro-ph/9611107},
	Journal = {\apj},
	Keywords = {Cosmology: Theory, Cosmology: Dark Matter, Galaxies: Halos, Methods: Numerical, Astrophysics},
	Month = Dec,
	Pages = {493-508},
	Primaryclass = {astro-ph},
	Title = {{A Universal Density Profile from Hierarchical Clustering}},
	Volume = {490},
	Year = 1997,
	Bdsk-Url-1 = {https://doi.org/10.1086/304888}}

@article{2015MNRAS.450...53H,
	Adsnote = {Provided by the SAO/NASA Astrophysics Data System},
	Adsurl = {http://adsabs.harvard.edu/abs/2015MNRAS.450...53H},
	Archiveprefix = {arXiv},
	Author = {{Hopkins}, P.~F.},
	Doi = {10.1093/mnras/stv195},
	Eprint = {1409.7395},
	Journal = {\mnras},
	Keywords = {hydrodynamics, instabilities, turbulence, methods: numerical, cosmology: theory},
	Month = jun,
	Pages = {53-110},
	Title = {{A new class of accurate, mesh-free hydrodynamic simulation methods}},
	Volume = 450,
	Year = 2015,
	Bdsk-Url-1 = {https://doi.org/10.1093/mnras/stv195}}

@article{2013MNRAS.434..652T,
	Adsnote = {Provided by the SAO/NASA Astrophysics Data System},
	Adsurl = {http://adsabs.harvard.edu/abs/2013MNRAS.434..652T},
	Archiveprefix = {arXiv},
	Author = {{Ting}, Y.-S. and {Rix}, H.-W. and {Bovy}, J. and {van de Ven}, G.},
	Doi = {10.1093/mnras/stt1053},
	Eprint = {1212.0006},
	Journal = {\mnras},
	Keywords = {Galaxy: disc, Galaxy: fundamental parameters, Galaxy: halo, Galaxy: kinematics and dynamics, Galaxy: structure},
	Month = sep,
	Pages = {652-660},
	Title = {{Constraining the Galactic potential via action-based distribution functions for mono-abundance stellar populations}},
	Volume = 434,
	Year = 2013,
	Bdsk-Url-1 = {https://doi.org/10.1093/mnras/stt1053}}

@article{2011MNRAS.413.1852E,
	Adsnote = {Provided by the SAO/NASA Astrophysics Data System},
	Adsurl = {https://ui.adsabs.harvard.edu/\#abs/2011MNRAS.413.1852E},
	Archiveprefix = {arXiv},
	Author = {{Eyre}, Andy and {Binney}, James},
	Doi = {10.1111/j.1365-2966.2011.18270.x},
	Eprint = {1011.3672},
	Journal = {\mnras},
	Keywords = {methods: analytical, methods: numerical, Galaxy: halo, Galaxy: kinematics and dynamics, Galaxy: structure, galaxies: interactions, Astrophysics - Galaxy Astrophysics, Astrophysics - Cosmology and Extragalactic Astrophysics},
	Month = May,
	Pages = {1852-1874},
	Primaryclass = {astro-ph.GA},
	Title = {{The mechanics of tidal streams}},
	Volume = {413},
	Year = 2011,
	Bdsk-Url-1 = {https://doi.org/10.1111/j.1365-2966.2011.18270.x}}

@article{2018ApJ...867...31B,
	Adsnote = {Provided by the SAO/NASA Astrophysics Data System},
	Adsurl = {http://adsabs.harvard.edu/abs/2018ApJ...867...31B},
	Archiveprefix = {arXiv},
	Author = {{Beane}, A. and {Ness}, M.~K. and {Bedell}, M.},
	Doi = {10.3847/1538-4357/aae07f},
	Eid = {31},
	Eprint = {1807.05986},
	Journal = {\apj},
	Keywords = {Galaxy: evolution, Galaxy: kinematics and dynamics, solar neighborhood, stars: kinematics and dynamics},
	Month = nov,
	Pages = {31},
	Primaryclass = {astro-ph.SR},
	Title = {{Actions Are Weak Stellar Age Indicators in the Milky Way Disk}},
	Volume = 867,
	Year = 2018,
	Bdsk-Url-1 = {https://doi.org/10.3847/1538-4357/aae07f}}

@article{2016MNRAS.457.2107S,
	Adsnote = {Provided by the SAO/NASA Astrophysics Data System},
	Adsurl = {http://adsabs.harvard.edu/abs/2016MNRAS.457.2107S},
	Archiveprefix = {arXiv},
	Author = {{Sanders}, J.~L. and {Binney}, J.},
	Doi = {10.1093/mnras/stw106},
	Eprint = {1511.08213},
	Journal = {\mnras},
	Keywords = {methods: numerical, galaxies: kinematics and dynamics},
	Month = apr,
	Pages = {2107-2121},
	Title = {{A review of action estimation methods for galactic dynamics}},
	Volume = 457,
	Year = 2016,
	Bdsk-Url-1 = {https://doi.org/10.1093/mnras/stw106}}

@article{2012MNRAS.426.1324B,
	Adsnote = {Provided by the SAO/NASA Astrophysics Data System},
	Adsurl = {http://adsabs.harvard.edu/abs/2012MNRAS.426.1324B},
	Archiveprefix = {arXiv},
	Author = {{Binney}, J.},
	Doi = {10.1111/j.1365-2966.2012.21757.x},
	Eprint = {1207.4910},
	Journal = {\mnras},
	Keywords = {Galaxy: kinematics and dynamics, galaxies: kinematics and dynamics},
	Month = oct,
	Pages = {1324-1327},
	Title = {{Actions for axisymmetric potentials}},
	Volume = 426,
	Year = 2012,
	Bdsk-Url-1 = {https://doi.org/10.1111/j.1365-2966.2012.21757.x}}

@article{1985MNRAS.216..273D,
	Adsnote = {Provided by the SAO/NASA Astrophysics Data System},
	Adsurl = {http://adsabs.harvard.edu/abs/1985MNRAS.216..273D},
	Author = {{de Zeeuw}, T.},
	Doi = {10.1093/mnras/216.2.273},
	Journal = {\mnras},
	Keywords = {Celestial Mechanics, Elliptical Galaxies, Equations Of Motion, Galactic Structure, Gravitational Fields, Stellar Orbits, Astronomical Models, Density Distribution, Many Body Problem, Mass Distribution},
	Month = sep,
	Pages = {273-334},
	Title = {{Elliptical galaxies with separable potentials}},
	Volume = 216,
	Year = 1985,
	Bdsk-Url-1 = {https://doi.org/10.1093/mnras/216.2.273}}

@article{2019MNRAS.484.3291T,
	Adsnote = {Provided by the SAO/NASA Astrophysics Data System},
	Adsurl = {https://ui.adsabs.harvard.edu/abs/2019MNRAS.484.3291T},
	Archiveprefix = {arXiv},
	Author = {{Trick}, Wilma H. and {Coronado}, Johanna and {Rix}, Hans-Walter},
	Doi = {10.1093/mnras/stz209},
	Eprint = {1805.03653},
	Journal = {\mnras},
	Keywords = {Galaxy: disc, Galaxy: kinematics and dynamics, solar neighbourhood, Astrophysics - Astrophysics of Galaxies},
	Month = {Apr},
	Number = {3},
	Pages = {3291-3306},
	Primaryclass = {astro-ph.GA},
	Title = {{The Galactic disc in action space as seen by Gaia DR2}},
	Volume = {484},
	Year = {2019}}

@article{2018MNRAS.481.4093S,
	Adsnote = {Provided by the SAO/NASA Astrophysics Data System},
	Adsurl = {http://adsabs.harvard.edu/abs/2018MNRAS.481.4093S},
	Archiveprefix = {arXiv},
	Author = {{Sanders}, J.~L. and {Das}, P.},
	Doi = {10.1093/mnras/sty2490},
	Eprint = {1806.02324},
	Journal = {\mnras},
	Keywords = {stars: fundamental parameters, Galaxy: evolution, Galaxy: kinematics and dynamics, Galaxy: stellar content, Galaxy: structure},
	Month = dec,
	Pages = {4093-4110},
	Title = {{Isochrone ages for {\tilde}3 million stars with the second Gaia data release}},
	Volume = 481,
	Year = 2018,
	Bdsk-Url-1 = {https://doi.org/10.1093/mnras/sty2490}}

@article{2018arXiv180803278T,
	Adsnote = {Provided by the SAO/NASA Astrophysics Data System},
	Adsurl = {http://adsabs.harvard.edu/abs/2018arXiv180803278T},
	Archiveprefix = {arXiv},
	Author = {{Ting}, Y.-S. and {Rix}, H.-W.},
	Eprint = {1808.03278},
	Journal = {arXiv e-prints},
	Keywords = {Astrophysics - Astrophysics of Galaxies},
	Month = aug,
	Title = {{The vertical motion history of disk stars throughout the Galaxy}},
	Year = 2018}

@article{2018AA...616A..10G,
	Adsnote = {Provided by the SAO/NASA Astrophysics Data System},
	Adsurl = {http://adsabs.harvard.edu/abs/2018A%26A...616A..10G},
	Archiveprefix = {arXiv},
	Author = {{Gaia Collaboration} and {Babusiaux}, C. and {van Leeuwen}, F. and {Barstow}, M.~A. and {Jordi}, C. and {Vallenari}, A. and {Bossini}, D. and {Bressan}, A. and {Cantat-Gaudin}, T. and {van Leeuwen}, M. and et al.},
	Doi = {10.1051/0004-6361/201832843},
	Eid = {A10},
	Eprint = {1804.09378},
	Journal = {\aap},
	Keywords = {parallaxes, Hertzsprung-Russell and C-M diagrams, solar neighborhood, stars: evolution},
	Month = aug,
	Pages = {A10},
	Primaryclass = {astro-ph.SR},
	Title = {{Gaia Data Release 2. Observational Hertzsprung-Russell diagrams}},
	Volume = 616,
	Year = 2018,
	Bdsk-Url-1 = {https://doi.org/10.1051/0004-6361/201832843}}

@article{2016MNRAS.457.1028S,
	Adsnote = {Provided by the SAO/NASA Astrophysics Data System},
	Adsurl = {http://adsabs.harvard.edu/abs/2016MNRAS.457.1028S},
	Archiveprefix = {arXiv},
	Author = {{Sheikhi}, N. and {Hasheminia}, M. and {Khalaj}, P. and {Haghi}, H. and {Zonoozi}, A.~H. and {Baumgardt}, H.},
	Doi = {10.1093/mnras/stw059},
	Eprint = {1601.02186},
	Journal = {\mnras},
	Keywords = {binaries: general, stars: luminosity function, mass function, open clusters and associations: individual: Alpha Per, infrared: stars},
	Month = mar,
	Pages = {1028-1036},
	Title = {{The binary fraction and mass segregation in Alpha Persei open cluster}},
	Volume = 457,
	Year = 2016,
	Bdsk-Url-1 = {https://doi.org/10.1093/mnras/stw059}}

@article{2007AA...471..499M,
	Adsnote = {Provided by the SAO/NASA Astrophysics Data System},
	Adsurl = {http://adsabs.harvard.edu/abs/2007A%26A...471..499M},
	Archiveprefix = {arXiv},
	Author = {{Moraux}, E. and {Bouvier}, J. and {Stauffer}, J.~R. and {Barrado y Navascu{\'e}s}, D. and {Cuillandre}, J.-C.},
	Doi = {10.1051/0004-6361:20066308},
	Eprint = {0706.2102},
	Journal = {\aap},
	Keywords = {stars: low-mass, brown dwarfs, stars: luminosity function, mass function, Galaxy: open clusters and associations: individual: Blanco 1},
	Month = aug,
	Pages = {499-513},
	Title = {{The lower mass function of the young open cluster Blanco 1: from 30 M$_{Jup}$ to 3 M$_{⊙}$}},
	Volume = 471,
	Year = 2007,
	Bdsk-Url-1 = {https://doi.org/10.1051/0004-6361:20066308}}

@article{1998AA...331...81P,
	Adsnote = {Provided by the SAO/NASA Astrophysics Data System},
	Adsurl = {http://adsabs.harvard.edu/abs/1998A%26A...331...81P},
	Author = {{Perryman}, M.~A.~C. and {Brown}, A.~G.~A. and {Lebreton}, Y. and {Gomez}, A. and {Turon}, C. and {Cayrel de Strobel}, G. and {Mermilliod}, J.~C. and {Robichon}, N. and {Kovalevsky}, J. and {Crifo}, F.},
	Eprint = {astro-ph/9707253},
	Journal = {\aap},
	Keywords = {ASTROMETRY, PARALLAXES, HR DIAGRAM, HYADES, DISTANCE SCALE},
	Month = mar,
	Pages = {81-120},
	Title = {{The Hyades: distance, structure, dynamics, and age}},
	Volume = 331,
	Year = 1998}

@article{2007AJ....134.2340K,
	Adsnote = {Provided by the SAO/NASA Astrophysics Data System},
	Adsurl = {http://adsabs.harvard.edu/abs/2007AJ....134.2340K},
	Archiveprefix = {arXiv},
	Author = {{Kraus}, A.~L. and {Hillenbrand}, L.~A.},
	Doi = {10.1086/522831},
	Eprint = {0708.2719},
	Journal = {\aj},
	Keywords = {open clusters and associations: individual: Praesepe: Coma Berenices, stars: evolution, stars: fundamental parameters, stars: luminosity function, mass function},
	Month = dec,
	Pages = {2340-2352},
	Title = {{The Stellar Populations of Praesepe and Coma Berenices}},
	Volume = 134,
	Year = 2007,
	Bdsk-Url-1 = {https://doi.org/10.1086/522831}}

@article{2001AJ....121.2053A,
	Adsnote = {Provided by the SAO/NASA Astrophysics Data System},
	Adsurl = {http://adsabs.harvard.edu/abs/2001AJ....121.2053A},
	Author = {{Adams}, J.~D. and {Stauffer}, J.~R. and {Monet}, D.~G. and {Skrutskie}, M.~F. and {Beichman}, C.~A.},
	Doi = {10.1086/319965},
	Eprint = {astro-ph/0101139},
	Journal = {\aj},
	Keywords = {Astrometry, celestial mechanics, Galaxy: Open Clusters and Associations: Individual: Name: Pleiades, Stars: Low-Mass, Brown Dwarfs},
	Month = apr,
	Pages = {2053-2064},
	Title = {{The Mass and Structure of the Pleiades Star Cluster from 2MASS}},
	Volume = 121,
	Year = 2001,
	Bdsk-Url-1 = {https://doi.org/10.1086/319965}}

@article{2019MNRAS.tmp..155S,
	Adsnote = {Provided by the SAO/NASA Astrophysics Data System},
	Adsurl = {http://adsabs.harvard.edu/abs/2019MNRAS.tmp..155S},
	Archiveprefix = {arXiv},
	Author = {{Sellwood}, J.~A. and {Trick}, W.~H. and {Carlberg}, R.~G. and {Coronado}, J. and {Rix}, H.-W.},
	Doi = {10.1093/mnras/stz140},
	Eprint = {1810.03325},
	Journal = {\mnras},
	Keywords = {stars: kinematics and dynamics, Galaxy: kinematics and dynamics, Galaxy: evolution, (Galaxy:) solar neighborhood, galaxies: kinematics and dynamics},
	Month = jan,
	Title = {{Discriminating among theories of spiral structure using Gaia DR2}},
	Year = 2019,
	Bdsk-Url-1 = {https://doi.org/10.1093/mnras/stz140}}

@article{2019ApJ...871..145A,
	Adsnote = {Provided by the SAO/NASA Astrophysics Data System},
	Adsurl = {http://adsabs.harvard.edu/abs/2019ApJ...871..145A},
	Author = {{Anderson}, L.~D. and {Wenger}, T.~V. and {Armentrout}, W.~P. and {Balser}, D.~S. and {Bania}, T.~M.},
	Doi = {10.3847/1538-4357/aaf571},
	Eid = {145},
	Journal = {\apj},
	Keywords = {Galaxy: structure, H ii regions},
	Month = feb,
	Pages = {145},
	Title = {{A Galactic Plane Defined by the Milky Way H II Region Distribution}},
	Volume = 871,
	Year = 2019}

@article{2014ApJ...797...53G,
	Adsnote = {Provided by the SAO/NASA Astrophysics Data System},
	Adsurl = {http://adsabs.harvard.edu/abs/2014ApJ...797...53G},
	Archiveprefix = {arXiv},
	Author = {{Goodman}, A.~A. and {Alves}, J. and {Beaumont}, C.~N. and {Benjamin}, R.~A. and {Borkin}, M.~A. and {Burkert}, A. and {Dame}, T.~M. and {Jackson}, J. and {Kauffmann}, J. and {Robitaille}, T. and {Smith}, R.~J.},
	Doi = {10.1088/0004-637X/797/1/53},
	Eid = {53},
	Eprint = {1408.0001},
	Journal = {\apj},
	Keywords = {dust, extinction, galaxies: star formation, Galaxy: kinematics and dynamics, Galaxy: structure, ISM: clouds, ISM: kinematics and dynamics, ISM: structure},
	Month = dec,
	Pages = {53},
	Title = {{The Bones of the Milky Way}},
	Volume = 797,
	Year = 2014}

@ARTICLE{2019MNRAS.486..378L,
   author = {{Lancaster}, L. and {Koposov}, S.~E. and {Belokurov}, V. and 
    {Evans}, N.~W. and {Deason}, A.~J.},
    title = "{The halo's ancient metal-rich progenitor revealed with BHB stars}",
  journal = {\mnras},
archivePrefix = "arXiv",
   eprint = {1807.04290},
 keywords = {Galaxy: formation, Galaxy: halo, Galaxy: kinematics and dynamics},
     year = 2019,
    month = jun,
   volume = 486,
    pages = {378-389},
      doi = {10.1093/mnras/stz853},
   adsurl = {http://adsabs.harvard.edu/abs/2019MNRAS.486..378L},
  adsnote = {Provided by the SAO/NASA Astrophysics Data System}
}

@article{2018ApJ...860L..11K,
	Adsnote = {Provided by the SAO/NASA Astrophysics Data System},
	Adsurl = {http://adsabs.harvard.edu/abs/2018ApJ...860L..11K},
	Archiveprefix = {arXiv},
	Author = {{Koppelman}, H. and {Helmi}, A. and {Veljanoski}, J.},
	Doi = {10.3847/2041-8213/aac882},
	Eid = {L11},
	Eprint = {1804.11347},
	Journal = {\apjl},
	Keywords = {Galaxy: halo, Galaxy: kinematics and dynamics, solar neighborhood},
	Month = jun,
	Pages = {L11},
	Title = {{One Large Blob and Many Streams Frosting the nearby Stellar Halo in Gaia{\nbsp}DR2}},
	Volume = 860,
	Year = 2018}

@article{2019MNRAS.482.3426M,
	Adsnote = {Provided by the SAO/NASA Astrophysics Data System},
	Adsurl = {http://adsabs.harvard.edu/abs/2019MNRAS.482.3426M},
	Archiveprefix = {arXiv},
	Author = {{Mackereth}, J.~T. and {Schiavon}, R.~P. and {Pfeffer}, J. and {Hayes}, C.~R. and {Bovy}, J. and {Anguiano}, B. and {Allende Prieto}, C. and {Hasselquist}, S. and {Holtzman}, J. and {Johnson}, J.~A. and {Majewski}, S.~R. and {O'Connell}, R. and {Shetrone}, M. and {Tissera}, P.~B. and {Fern{\'a}ndez-Trincado}, J.~G.},
	Doi = {10.1093/mnras/sty2955},
	Eprint = {1808.00968},
	Journal = {\mnras},
	Keywords = {Galaxy: abundances, Galaxy: formation, Galaxy: halo, Galaxy: kinematics and dynamics, Galaxy: stellar content},
	Month = jan,
	Pages = {3426-3442},
	Title = {{The origin of accreted stellar halo populations in the Milky Way using APOGEE, Gaia, and the EAGLE simulations}},
	Volume = 482,
	Year = 2019}

@article{2018arXiv181109205K,
	Adsnote = {Provided by the SAO/NASA Astrophysics Data System},
	Adsurl = {http://adsabs.harvard.edu/abs/2018arXiv181109205K},
	Archiveprefix = {arXiv},
	Author = {{Khoperskov}, S. and {Di Matteo}, P. and {Gerhard}, O. and {Katz}, D. and {Haywood}, M. and {Combes}, F. and {Berczik}, P. and {Gomez}, A.},
	Eprint = {1811.09205},
	Journal = {arXiv e-prints},
	Keywords = {Astrophysics - Astrophysics of Galaxies},
	Month = nov,
	Title = {{The echo of the bar buckling: phase-space spirals in Gaia DR2}},
	Year = 2018}

@article{2018MNRAS.481.1501B,
	Adsnote = {Provided by the SAO/NASA Astrophysics Data System},
	Adsurl = {http://adsabs.harvard.edu/abs/2018MNRAS.481.1501B},
	Archiveprefix = {arXiv},
	Author = {{Binney}, J. and {Sch{\"o}nrich}, R.},
	Doi = {10.1093/mnras/sty2378},
	Eprint = {1807.09819},
	Journal = {\mnras},
	Keywords = {methods: numerical, Galaxy: kinematics and dynamics, galaxies: kinematics and dynamics},
	Month = dec,
	Pages = {1501-1506},
	Title = {{The origin of the Gaia phase-plane spiral}},
	Volume = 481,
	Year = 2018}

@article{2018Natur.561..360A,
	Adsnote = {Provided by the SAO/NASA Astrophysics Data System},
	Adsurl = {http://adsabs.harvard.edu/abs/2018Natur.561..360A},
	Archiveprefix = {arXiv},
	Author = {{Antoja}, T. and {Helmi}, A. and {Romero-G{\'o}mez}, M. and {Katz}, D. and {Babusiaux}, C. and {Drimmel}, R. and {Evans}, D.~W. and {Figueras}, F. and {Poggio}, E. and {Reyl{\'e}}, C. and {Robin}, A.~C. and {Seabroke}, G. and {Soubiran}, C.},
	Doi = {10.1038/s41586-018-0510-7},
	Eprint = {1804.10196},
	Journal = {\nat},
	Month = sep,
	Pages = {360-362},
	Title = {{A dynamically young and perturbed Milky Way disk}},
	Volume = 561,
	Year = 2018}

@article{2015ApJ...803...80K,
	Adsnote = {Provided by the SAO/NASA Astrophysics Data System},
	Adsurl = {http://adsabs.harvard.edu/abs/2015ApJ...803...80K},
	Archiveprefix = {arXiv},
	Author = {{K{\"u}pper}, A.~H.~W. and {Balbinot}, E. and {Bonaca}, A. and {Johnston}, K.~V. and {Hogg}, D.~W. and {Kroupa}, P. and {Santiago}, B.~X.},
	Doi = {10.1088/0004-637X/803/2/80},
	Eid = {80},
	Eprint = {1502.02658},
	Journal = {\apj},
	Keywords = {dark matter, Galaxy: fundamental parameters, Galaxy: halo, Galaxy: kinematics and dynamics, Galaxy: structure, globular clusters: individual: Palomar 5},
	Month = apr,
	Pages = {80},
	Title = {{Globular Cluster Streams as Galactic High-Precision Scales{\mdash}the Poster Child Palomar 5}},
	Volume = 803,
	Year = 2015}

@book{1981gask.book.....M,
	Adsnote = {Provided by the SAO/NASA Astrophysics Data System},
	Adsurl = {http://adsabs.harvard.edu/abs/1981gask.book.....M},
	Author = {{Mihalas}, D. and {Binney}, J.},
	Booktitle = {San Francisco, CA, W.~H.~Freeman and Co., 1981.~608 p.},
	Keywords = {Body Kinematics, Celestial Mechanics, Galactic Structure, Milky Way Galaxy, Stellar Motions, Astronomical Catalogs, Energy Distribution, Galactic Rotation, Interstellar Matter, Radial Velocity, Spatial Distribution, Star Distribution, Stellar Magnitude, Stellar Spectra},
	Title = {{Galactic astronomy: Structure and kinematics /2nd edition/}},
	Year = 1981}

@inproceedings{2013IAUS..289..444Z,
	Adsnote = {Provided by the SAO/NASA Astrophysics Data System},
	Adsurl = {http://adsabs.harvard.edu/abs/2013IAUS..289..444Z},
	Author = {{Zhu}, Z. and {Shen}, M.},
	Booktitle = {Advancing the Physics of Cosmic Distances},
	Doi = {10.1017/S1743921312021928},
	Editor = {{de Grijs}, R.},
	Keywords = {Galaxy: disk, Galaxy: fundamental parameters, Galaxy: kinematics and dynamics, solar neighborhood,},
	Month = feb,
	Pages = {444-447},
	Series = {IAU Symposium},
	Title = {{Galactocentric distance of the Sun derived from kinematic data}},
	Volume = 289,
	Year = 2013}

@article{2011PASJ...63..867S,
	Adsnote = {Provided by the SAO/NASA Astrophysics Data System},
	Adsurl = {http://adsabs.harvard.edu/abs/2011PASJ...63..867S},
	Archiveprefix = {arXiv},
	Author = {{Sofue}, Y. and {Nagayama}, T. and {Matsui}, M. and {Nakagawa}, A.},
	Doi = {10.1093/pasj/63.4.867},
	Eprint = {1105.1219},
	Journal = {\pasj},
	Keywords = {astrometry: distance, galaxies: Galactic Center, galaxies: galactic constants, - galaxies: rotation curve, galaxies: the Galaxy},
	Month = aug,
	Pages = {867-871},
	Title = {{Near-Solar-Circle Method for Determining the Galactic Constants}},
	Volume = 63,
	Year = 2011}

@article{2013AstL...39...95B,
	Adsnote = {Provided by the SAO/NASA Astrophysics Data System},
	Adsurl = {http://adsabs.harvard.edu/abs/2013AstL...39...95B},
	Archiveprefix = {arXiv},
	Author = {{Bobylev}, V.~V.},
	Doi = {10.1134/S1063773713020023},
	Eprint = {1212.6616},
	Journal = {Astronomy Letters},
	Keywords = {star-forming regions, Cepheids, solar Galactocentric distance, Galactic rotation velocity},
	Month = feb,
	Pages = {95-103},
	Primaryclass = {astro-ph.GA},
	Title = {{Estimation of the solar galactocentric distance and galactic rotation velocity from near-solar-circle objects}},
	Volume = 39,
	Year = 2013}

@article{2012MNRAS.427..274S,
	Adsnote = {Provided by the SAO/NASA Astrophysics Data System},
	Adsurl = {http://adsabs.harvard.edu/abs/2012MNRAS.427..274S},
	Archiveprefix = {arXiv},
	Author = {{Sch{\"o}nrich}, R.},
	Doi = {10.1111/j.1365-2966.2012.21631.x},
	Eprint = {1207.3079},
	Journal = {\mnras},
	Keywords = {stars: kinematics and dynamics, Galaxy: disc, Galaxy: fundamental parameters, Galaxy: halo, Galaxy: kinematics and dynamics, solar neighbourhood},
	Month = nov,
	Pages = {274-287},
	Title = {{Galactic rotation and solar motion from stellar kinematics}},
	Volume = 427,
	Year = 2012}

@article{2019arXiv190308325M,
	Adsnote = {Provided by the SAO/NASA Astrophysics Data System},
	Adsurl = {http://adsabs.harvard.edu/abs/2019arXiv190308325M},
	Archiveprefix = {arXiv},
	Author = {{Michtchenko}, T.~A. and {Barros}, D.~A. and {P{\'e}rez-Villegas}, A. and {L{\'e}pine}, J.~R.~D.},
	Eprint = {1903.08325},
	Journal = {arXiv e-prints},
	Keywords = {Astrophysics - Astrophysics of Galaxies},
	Month = mar,
	Title = {{The moving groups as the origin of the vertical phase space spiral}},
	Year = 2019}

@article{2018MNRAS.481..286L,
	Adsnote = {Provided by the SAO/NASA Astrophysics Data System},
	Adsurl = {https://ui.adsabs.harvard.edu/\#abs/2018MNRAS.481..286L},
	Archiveprefix = {arXiv},
	Author = {{Laporte}, Chervin F.~P. and {Johnston}, Kathryn V. and {G{\'o}mez}, Facundo A. and {Garavito-Camargo}, Nicolas and {Besla}, Gurtina},
	Doi = {10.1093/mnras/sty1574},
	Eprint = {1710.02538},
	Journal = {\mnras},
	Keywords = {Galaxy: disc, Galaxy: evolution, Galaxy: formation, Galaxy: halo, Galaxy: kinematics and dynamics, Galaxy: structure, Astrophysics - Astrophysics of Galaxies},
	Month = {Nov},
	Pages = {286-306},
	Primaryclass = {astro-ph.GA},
	Title = {{The influence of Sagittarius and the Large Magellanic Cloud on the stellar disc of the Milky Way Galaxy}},
	Volume = {481},
	Year = {2018}}

@article{2018ApJ...863L..20P,
	Adsnote = {Provided by the SAO/NASA Astrophysics Data System},
	Adsurl = {http://adsabs.harvard.edu/abs/2018ApJ...863L..20P},
	Archiveprefix = {arXiv},
	Author = {{Price-Whelan}, A.~M. and {Bonaca}, A.},
	Doi = {10.3847/2041-8213/aad7b5},
	Eid = {L20},
	Eprint = {1805.00425},
	Journal = {\apjl},
	Keywords = {dark matter, Galaxy: halo, Galaxy: kinematics and dynamics},
	Month = aug,
	Pages = {L20},
	Title = {{Off the Beaten Path: Gaia Reveals GD-1 Stars outside of the Main Stream}},
	Volume = 863,
	Year = 2018}

@article{2019arXiv190405721A,
	Adsnote = {Provided by the SAO/NASA Astrophysics Data System},
	Adsurl = {https://ui.adsabs.harvard.edu/abs/2019arXiv190405721A},
	Archiveprefix = {arXiv},
	Author = {{Abuter}, R. and {Amorim}, A. and {Bauboeck}, M. and {Berger}, J.~P. and {Bonnet}, H. and {Brandner}, W. and {Clenet}, Y. and {Coude du Foresto}, V. and {de Zeeuw}, P.~T. and {Dexter}, J. and {Duvert}, G. and {Eckart}, A. and {Eisenhauer}, F. and {Foerster Schreiber}, N.~M. and {Garcia}, P. and {Gao}, F. and {Gendron}, E. and {Genzel}, R. and {Gerhard}, O. and {Gillessen}, S. and {Habibi}, M. and {Haubois}, X. and {Henning}, T. and {Hippler}, S. and {Horrobin}, M. and {Jimenez-Rosales}, A. and {Jocou}, L. and {Kervella}, P. and {Lacour}, S. and {Lapeyrere}, V. and {Le Bouquin}, J. -B. and {Lena}, P. and {Ott}, T. and {Paumard}, T. and {Perraut}, K. and {Perrin}, G. and {Pfuhl}, O. and {Rabien}, S. and {Rodriguez Coira}, G. and {Rousset}, G. and {Scheithauer}, S. and {Sternberg}, A. and {Straub}, O. and {Straubmeier}, C. and {Sturm}, E. and {Tacconi}, L.~J. and {Vincent}, F. and {von Fellenberg}, S. and {Waisberg}, I. and {Widmann}, F. and {Wieprecht}, E. and {Wiezorrek}, E. and {Woillez}, J. and {Yazici}, S.},
	Eid = {arXiv:1904.05721},
	Eprint = {1904.05721},
	Journal = {arXiv e-prints},
	Keywords = {Astrophysics - Astrophysics of Galaxies},
	Month = {Apr},
	Pages = {arXiv:1904.05721},
	Primaryclass = {astro-ph.GA},
	Title = {{A geometric distance measurement to the Galactic Center black hole with 0.3\% uncertainty}},
	Year = {2019}}

@article{1960MNRAS.121..123B,
	Adsnote = {Provided by the SAO/NASA Astrophysics Data System},
	Adsurl = {http://adsabs.harvard.edu/abs/1960MNRAS.121..123B},
	Author = {{Blaauw}, A. and {Gum}, C.~S. and {Pawsey}, J.~L. and {Westerhout}, G.},
	Doi = {10.1093/mnras/121.2.123},
	Journal = {\mnras},
	Pages = {123},
	Title = {{The new I. A. U. system of galactic coordinates (1958 revision)}},
	Volume = 121,
	Year = 1960}

@article{2012ApJ...759..131B,
	Adsnote = {Provided by the SAO/NASA Astrophysics Data System},
	Adsurl = {http://adsabs.harvard.edu/abs/2012ApJ...759..131B},
	Archiveprefix = {arXiv},
	Author = {{Bovy}, J. and {Allende Prieto}, C. and {Beers}, T.~C. and {Bizyaev}, D. and {da Costa}, L.~N. and {Cunha}, K. and {Ebelke}, G.~L. and {Eisenstein}, D.~J. and {Frinchaboy}, P.~M. and {Garc{\'{\i}}a P{\'e}rez}, A.~E. and {Girardi}, L. and {Hearty}, F.~R. and {Hogg}, D.~W. and {Holtzman}, J. and {Maia}, M.~A.~G. and {Majewski}, S.~R. and {Malanushenko}, E. and {Malanushenko}, V. and {M{\'e}sz{\'a}ros}, S. and {Nidever}, D.~L. and {O'Connell}, R.~W. and {O'Donnell}, C. and {Oravetz}, A. and {Pan}, K. and {Rocha-Pinto}, H.~J. and {Schiavon}, R.~P. and {Schneider}, D.~P. and {Schultheis}, M. and {Skrutskie}, M. and {Smith}, V.~V. and {Weinberg}, D.~H. and {Wilson}, J.~C. and {Zasowski}, G.},
	Doi = {10.1088/0004-637X/759/2/131},
	Eid = {131},
	Eprint = {1209.0759},
	Journal = {\apj},
	Keywords = {Galaxy: disk, Galaxy: fundamental parameters, Galaxy: general, Galaxy: kinematics and dynamics, Galaxy: structure, stars: kinematics and dynamics},
	Month = nov,
	Pages = {131},
	Primaryclass = {astro-ph.GA},
	Title = {{The Milky Way's Circular-velocity Curve between 4 and 14 kpc from APOGEE data}},
	Volume = 759,
	Year = 2012}

@article{2010MNRAS.403.1829S,
	Adsnote = {Provided by the SAO/NASA Astrophysics Data System},
	Adsurl = {http://adsabs.harvard.edu/abs/2010MNRAS.403.1829S},
	Archiveprefix = {arXiv},
	Author = {{Sch{\"o}nrich}, R. and {Binney}, J. and {Dehnen}, W.},
	Doi = {10.1111/j.1365-2966.2010.16253.x},
	Eprint = {0912.3693},
	Journal = {\mnras},
	Keywords = {stars: kinematics, Galaxy: disc, Galaxy: fundamental parameters, Galaxy: kinematics and dynamics, solar neighbourhood},
	Month = apr,
	Pages = {1829-1833},
	Title = {{Local kinematics and the local standard of rest}},
	Volume = 403,
	Year = 2010}

@article{2019arXiv190209569F,
	Adsnote = {Provided by the SAO/NASA Astrophysics Data System},
	Adsurl = {http://adsabs.harvard.edu/abs/2019arXiv190209569F},
	Archiveprefix = {arXiv},
	Author = {{Friske}, J. and {Sch{\"o}nrich}, R.},
	Eprint = {1902.09569},
	Journal = {arXiv e-prints},
	Keywords = {Astrophysics - Astrophysics of Galaxies},
	Month = feb,
	Title = {{More than just a wrinkle: A wave-like pattern in radial velocity vs. angular momentum from Gaia Data}},
	Year = 2019}

@article{2002ARA&A..40..487F,
	Adsnote = {Provided by the SAO/NASA Astrophysics Data System},
	Adsurl = {http://adsabs.harvard.edu/abs/2002ARA%26A..40..487F},
	Author = {{Freeman}, K. and {Bland-Hawthorn}, J.},
	Doi = {10.1146/annurev.astro.40.060401.093840},
	Eprint = {astro-ph/0208106},
	Journal = {\araa},
	Keywords = {osmology, local group, stellar populations, stellar kinematics},
	Pages = {487-537},
	Title = {{The New Galaxy: Signatures of Its Formation}},
	Volume = 40,
	Year = 2002}

@article{2019arXiv190210719K,
	Adsnote = {Provided by the SAO/NASA Astrophysics Data System},
	Adsurl = {http://adsabs.harvard.edu/abs/2019arXiv190210719K},
	Archiveprefix = {arXiv},
	Author = {{Kamdar}, H. and {Conroy}, C. and {Ting}, Y.-S. and {Bonaca}, A. and {Johnson}, B. and {Cargile}, P.},
	Eprint = {1902.10719},
	Journal = {arXiv e-prints},
	Keywords = {Astrophysics - Astrophysics of Galaxies, Astrophysics - Solar and Stellar Astrophysics},
	Month = feb,
	Title = {{A Dynamical Model for Clustered Star Formation in the Galactic Disk}},
	Year = 2019}

@article{2019arXiv190304030G,
	Adsnote = {Provided by the SAO/NASA Astrophysics Data System},
	Adsurl = {https://ui.adsabs.harvard.edu/abs/2019arXiv190304030G},
	Archiveprefix = {arXiv},
	Author = {{Gandhi}, Suroor S and {Ness}, Melissa K},
	Eid = {arXiv:1903.04030},
	Eprint = {1903.04030},
	Journal = {arXiv e-prints},
	Keywords = {Astrophysics - Astrophysics of Galaxies, Astrophysics - Solar and Stellar Astrophysics},
	Month = {Mar},
	Pages = {arXiv:1903.04030},
	Primaryclass = {astro-ph.GA},
	Title = {{High- and Low-\$\textbackslashalpha\$ Disk Stars Separate Dynamically at all Ages}},
	Year = {2019}}

@article{2019arXiv190309320D,
	Adsnote = {Provided by the SAO/NASA Astrophysics Data System},
	Adsurl = {https://ui.adsabs.harvard.edu/abs/2019arXiv190309320D},
	Archiveprefix = {arXiv},
	Author = {{Das}, Payel and {Hawkins}, Keith and {Jofre}, Paula},
	Eid = {arXiv:1903.09320},
	Eprint = {1903.09320},
	Journal = {arXiv e-prints},
	Keywords = {Astrophysics - Astrophysics of Galaxies},
	Month = {Mar},
	Pages = {arXiv:1903.09320},
	Primaryclass = {astro-ph.GA},
	Title = {{Ages and kinematics of chemically selected, accreted Milky Way halo stars}},
	Year = {2019}}

@article{2019MNRAS.486.1167B,
	Adsnote = {Provided by the SAO/NASA Astrophysics Data System},
	Adsurl = {https://ui.adsabs.harvard.edu/abs/2019MNRAS.486.1167B},
	Archiveprefix = {arXiv},
	Author = {{Bland-Hawthorn}, Joss and {Sharma}, Sanjib and {Tepper-Garcia}, Thor and {Binney}, James and {Freeman}, Ken C. and {Hayden}, Michael R. and {Kos}, Janez and {De Silva}, Gayandhi M. and {Ellis}, Simon and {Lewis}, Geraint F. and {Asplund}, Martin and {Buder}, Sven and {Casey}, Andrew R. and {D'Orazi}, Valentina and {Duong}, Ly and {Khanna}, Shourya and {Lin}, Jane and {Lind}, Karin and {Martell}, Sarah L. and {Ness}, Melissa K. and {Simpson}, Jeffrey D. and {Zucker}, Daniel B. and {Zwitter}, Toma{\v{z}} and {Kafle}, Prajwal R. and {Quillen}, Alice C. and {Ting}, Yuan-Sen and {Wyse}, Rosemary F.~G.},
	Doi = {10.1093/mnras/stz217},
	Eprint = {1809.02658},
	Journal = {\mnras},
	Keywords = {astrometry, proper motions, stars: kinematics and dynamics, Galaxy: disc, evolution, structure, Astrophysics - Astrophysics of Galaxies},
	Month = {Jun},
	Number = {1},
	Pages = {1167-1191},
	Primaryclass = {astro-ph.GA},
	Title = {{The GALAH survey and Gaia DR2: dissecting the stellar disc's phase space by age, action, chemistry, and location}},
	Volume = {486},
	Year = {2019}}

@article{1915MNRAS..76...70J,
	Adsnote = {Provided by the SAO/NASA Astrophysics Data System},
	Adsurl = {http://adsabs.harvard.edu/abs/1915MNRAS..76...70J},
	Author = {{Jeans}, J.~H.},
	Doi = {10.1093/mnras/76.2.70},
	Journal = {\mnras},
	Month = dec,
	Pages = {70-84},
	Title = {{On the theory of star-streaming and the structure of the universe}},
	Volume = 76,
	Year = 1915}

@article{1985ApJ...295..388V,
	Adsnote = {Provided by the SAO/NASA Astrophysics Data System},
	Adsurl = {http://adsabs.harvard.edu/abs/1985ApJ...295..388V},
	Author = {{Villumsen}, J.~V. and {Binney}, J.},
	Doi = {10.1086/163383},
	Journal = {\apj},
	Keywords = {Disk Galaxies, Distribution Functions, Galactic Structure, Star Distribution, Angular Momentum, Equations Of Motion, Integral Equations, Orbit Calculation},
	Month = aug,
	Pages = {388-393},
	Title = {{Stellar distribution functions for galactic disks}},
	Volume = 295,
	Year = 1985}

@article{2017ApJ...839...61T,
	Adsnote = {Provided by the SAO/NASA Astrophysics Data System},
	Adsurl = {https://ui.adsabs.harvard.edu/abs/2017ApJ...839...61T},
	Archiveprefix = {arXiv},
	Author = {{Trick}, Wilma H. and {Bovy}, Jo and {D'Onghia}, Elena and {Rix}, Hans-Walter},
	Doi = {10.3847/1538-4357/aa67db},
	Eid = {61},
	Eprint = {1703.05970},
	Journal = {\apj},
	Keywords = {galaxies: spiral, Galaxy: disk, Galaxy: fundamental parameters, Galaxy: kinematics and dynamics, Galaxy: structure, Astrophysics - Astrophysics of Galaxies},
	Month = {Apr},
	Number = {1},
	Pages = {61},
	Primaryclass = {astro-ph.GA},
	Title = {{Action-based Dynamical Modeling for the Milky Way Disk: The Influence of Spiral Arms}},
	Volume = {839},
	Year = {2017}}

@ARTICLE{2014MNRAS.445..581H,
       author = {{Hopkins}, Philip F. and {Kere{\v{s}}}, Du{\v{s}}an and
         {O{\~n}orbe}, Jos{\'e} and {Faucher-Gigu{\`e}re}, Claude-Andr{\'e} and
         {Quataert}, Eliot and {Murray}, Norman and {Bullock}, James S.},
        title = "{Galaxies on FIRE (Feedback In Realistic Environments): stellar feedback explains cosmologically inefficient star formation}",
      journal = {\mnras},
     keywords = {stars: formation, galaxies: active, galaxies: evolution, galaxies: formation, cosmology: theory, Astrophysics - Cosmology and Nongalactic Astrophysics, Astrophysics - Astrophysics of Galaxies},
         year = "2014",
        month = "Nov",
       volume = {445},
       number = {1},
        pages = {581-603},
          doi = {10.1093/mnras/stu1738},
archivePrefix = {arXiv},
       eprint = {1311.2073},
 primaryClass = {astro-ph.CO},
       adsurl = {https://ui.adsabs.harvard.edu/abs/2014MNRAS.445..581H},
      adsnote = {Provided by the SAO/NASA Astrophysics Data System}
}

@ARTICLE{2015MNRAS.454.2691M,
       author = {{Muratov}, Alexander L. and {Kere{\v{s}}}, Du{\v{s}}an and
         {Faucher-Gigu{\`e}re}, Claude-Andr{\'e} and {Hopkins}, Philip F. and
         {Quataert}, Eliot and {Murray}, Norman},
        title = "{Gusty, gaseous flows of FIRE: galactic winds in cosmological simulations with explicit stellar feedback}",
      journal = {\mnras},
     keywords = {stars: formation, galaxies: evolution, galaxies: formation, cosmology: theory, Astrophysics - Astrophysics of Galaxies},
         year = "2015",
        month = "Dec",
       volume = {454},
       number = {3},
        pages = {2691-2713},
          doi = {10.1093/mnras/stv2126},
archivePrefix = {arXiv},
       eprint = {1501.03155},
 primaryClass = {astro-ph.GA},
       adsurl = {https://ui.adsabs.harvard.edu/abs/2015MNRAS.454.2691M},
      adsnote = {Provided by the SAO/NASA Astrophysics Data System}
}

@ARTICLE{2017MNRAS.470.4698A,
       author = {{Angl{\'e}s-Alc{\'a}zar}, Daniel and
         {Faucher-Gigu{\`e}re}, Claude-Andr{\'e} and {Kere{\v{s}}}, Du{\v{s}}an and
         {Hopkins}, Philip F. and {Quataert}, Eliot and {Murray}, Norman},
        title = "{The cosmic baryon cycle and galaxy mass assembly in the FIRE simulations}",
      journal = {\mnras},
     keywords = {galaxies: evolution, galaxies: formation, galaxies: star formation, intergalactic medium, cosmology: theory, Astrophysics - Astrophysics of Galaxies, Astrophysics - Cosmology and Nongalactic Astrophysics},
         year = "2017",
        month = "Oct",
       volume = {470},
       number = {4},
        pages = {4698-4719},
          doi = {10.1093/mnras/stx1517},
archivePrefix = {arXiv},
       eprint = {1610.08523},
 primaryClass = {astro-ph.GA},
       adsurl = {https://ui.adsabs.harvard.edu/abs/2017MNRAS.470.4698A},
      adsnote = {Provided by the SAO/NASA Astrophysics Data System}
}

@ARTICLE{2016MNRAS.456.2140M,
       author = {{Ma}, Xiangcheng and {Hopkins}, Philip F. and
         {Faucher-Gigu{\`e}re}, Claude-Andr{\'e} and {Zolman}, Nick and
         {Muratov}, Alexander L. and {Kere{\v{s}}}, Du{\v{s}}an and
         {Quataert}, Eliot},
        title = "{The origin and evolution of the galaxy mass-metallicity relation}",
      journal = {\mnras},
     keywords = {galaxies: evolution, galaxies: formation, cosmology: theory, Astrophysics - Astrophysics of Galaxies, Astrophysics - Cosmology and Nongalactic Astrophysics},
         year = "2016",
        month = "Feb",
       volume = {456},
       number = {2},
        pages = {2140-2156},
          doi = {10.1093/mnras/stv2659},
archivePrefix = {arXiv},
       eprint = {1504.02097},
 primaryClass = {astro-ph.GA},
       adsurl = {https://ui.adsabs.harvard.edu/abs/2016MNRAS.456.2140M},
      adsnote = {Provided by the SAO/NASA Astrophysics Data System}
}

@ARTICLE{2017MNRAS.467.2430M,
       author = {{Ma}, Xiangcheng and {Hopkins}, Philip F. and {Wetzel}, Andrew R. and
         {Kirby}, Evan N. and {Angl{\'e}s-Alc{\'a}zar}, Daniel and
         {Faucher-Gigu{\`e}re}, Claude-Andr{\'e} and {Kere{\v{s}}}, Du{\v{s}}an and
         {Quataert}, Eliot},
        title = "{The structure and dynamical evolution of the stellar disc of a simulated Milky Way-mass galaxy}",
      journal = {\mnras},
     keywords = {galaxies: abundances, galaxies: evolution, galaxies: formation, cosmology: theory, Astrophysics - Astrophysics of Galaxies, Astrophysics - Cosmology and Nongalactic Astrophysics},
         year = "2017",
        month = "May",
       volume = {467},
       number = {2},
        pages = {2430-2444},
          doi = {10.1093/mnras/stx273},
archivePrefix = {arXiv},
       eprint = {1608.04133},
 primaryClass = {astro-ph.GA},
       adsurl = {https://ui.adsabs.harvard.edu/abs/2017MNRAS.467.2430M},
      adsnote = {Provided by the SAO/NASA Astrophysics Data System}
}

@ARTICLE{2012ApJ...750L..41W,
       author = {{Widrow}, Lawrence M. and {Gardner}, Susan and {Yanny}, Brian and
         {Dodelson}, Scott and {Chen}, Hsin-Yu},
        title = "{Galactoseismology: Discovery of Vertical Waves in the Galactic Disk}",
      journal = {\apj},
     keywords = {Galaxy: kinematics and dynamics, solar neighborhood, Astrophysics - Astrophysics of Galaxies},
         year = "2012",
        month = "May",
       volume = {750},
       number = {2},
          eid = {L41},
        pages = {L41},
          doi = {10.1088/2041-8205/750/2/L41},
archivePrefix = {arXiv},
       eprint = {1203.6861},
 primaryClass = {astro-ph.GA},
       adsurl = {https://ui.adsabs.harvard.edu/abs/2012ApJ...750L..41W},
      adsnote = {Provided by the SAO/NASA Astrophysics Data System}
}

@ARTICLE{2013MNRAS.436..101W,
       author = {{Williams}, M.~E.~K. and {Steinmetz}, M. and {Binney}, J. and
         {Siebert}, A. and {Enke}, H. and {Famaey}, B. and {Minchev}, I. and
         {de Jong}, R.~S. and {Boeche}, C. and {Freeman}, K.~C. and
         {Bienaym{\'e}}, O. and {Bland-Hawthorn}, J. and {Gibson}, B.~K. and
         {Gilmore}, G.~F. and {Grebel}, E.~K. and {Helmi}, A. and
         {Kordopatis}, G. and {Munari}, U. and {Navarro}, J.~F. and
         {Parker}, Q.~A. and {Reid}, W. and {Seabroke}, G.~M. and {Sharma}, S. and
         {Siviero}, A. and {Watson}, F.~G. and {Wyse}, R.~F.~G. and
         {Zwitter}, T.},
        title = "{The wobbly Galaxy: kinematics north and south with RAVE red-clump giants}",
      journal = {\mnras},
     keywords = {Galaxy: kinematics and dynamics, solar neighbourhood, Galaxy: structure, Astrophysics - Astrophysics of Galaxies},
         year = "2013",
        month = "Nov",
       volume = {436},
       number = {1},
        pages = {101-121},
          doi = {10.1093/mnras/stt1522},
archivePrefix = {arXiv},
       eprint = {1302.2468},
 primaryClass = {astro-ph.GA},
       adsurl = {https://ui.adsabs.harvard.edu/abs/2013MNRAS.436..101W},
      adsnote = {Provided by the SAO/NASA Astrophysics Data System}
}

@ARTICLE{2013ApJ...777L...5C,
       author = {{Carlin}, Jeffrey L. and {DeLaunay}, James and {Newberg}, Heidi Jo and
         {Deng}, Licai and {Gole}, Daniel and {Grabowski}, Kathleen and
         {Jin}, Ge and {Liu}, Chao and {Liu}, Xiaowei and {Luo}, A. -Li and
         {Yuan}, Haibo and {Zhang}, Haotong and {Zhao}, Gang and
         {Zhao}, Yongheng},
        title = "{Substructure in Bulk Velocities of Milky Way Disk Stars}",
      journal = {\apj},
     keywords = {Galaxy: disk, Galaxy: kinematics and dynamics, Galaxy: stellar content, Galaxy: structure, stars: kinematics and dynamics, Astrophysics - Astrophysics of Galaxies},
         year = "2013",
        month = "Nov",
       volume = {777},
       number = {1},
          eid = {L5},
        pages = {L5},
          doi = {10.1088/2041-8205/777/1/L5},
archivePrefix = {arXiv},
       eprint = {1309.6314},
 primaryClass = {astro-ph.GA},
       adsurl = {https://ui.adsabs.harvard.edu/abs/2013ApJ...777L...5C},
      adsnote = {Provided by the SAO/NASA Astrophysics Data System}
}

@ARTICLE{2018A&A...616A..11G,
   author = {{Gaia Collaboration} and {Katz}, D. and {Antoja}, T. and {Romero-G{\'o}mez}, M. and 
    {Drimmel}, R. and {Reyl{\'e}}, C. and {Seabroke}, G.~M. and 
    {Soubiran}, C. and {Babusiaux}, C. and {Di Matteo}, P. and et al.},
    title = "{Gaia Data Release 2. Mapping the Milky Way disc kinematics}",
  journal = {\aap}, 
archivePrefix = "arXiv",
   eprint = {1804.09380},
 keywords = {Galaxy: kinematics and dynamics - Galaxy: disk - solar neighborhood},
     year = 2018,
    month = aug,
   volume = 616,
      eid = {A11},
    pages = {A11},
      doi = {10.1051/0004-6361/201832865},
   adsurl = {http://adsabs.harvard.edu/abs/2018A%26A...616A..11G},
  adsnote = {Provided by the SAO/NASA Astrophysics Data System}
}

@ARTICLE{2009MNRAS.396L..56M,
       author = {{Minchev}, I. and {Quillen}, A.~C. and {Williams}, M. and
         {Freeman}, K.~C. and {Nordhaus}, J. and {Siebert}, A. and
         {Bienaym{\'e}}, O.},
        title = "{Is the Milky Way ringing? The hunt for high-velocity streams}",
      journal = {\mnras},
     keywords = {stellar dynamics, Galaxy: evolution, Galaxy: kinematics and dynamicsn, solar neighbourhood, galaxies: evolution, Astrophysics - Galaxy Astrophysics, Astrophysics - Cosmology and Extragalactic Astrophysics},
         year = "2009",
        month = "Jun",
       volume = {396},
       number = {1},
        pages = {L56-L60},
          doi = {10.1111/j.1745-3933.2009.00661.x},
archivePrefix = {arXiv},
       eprint = {0902.1531},
 primaryClass = {astro-ph.GA},
       adsurl = {https://ui.adsabs.harvard.edu/abs/2009MNRAS.396L..56M},
      adsnote = {Provided by the SAO/NASA Astrophysics Data System}
}

@ARTICLE{1957AJ.....62...93K,
   author = {{Kerr}, F.~J.},
    title = "{A Magellanic effect on the galaxy.}",
  journal = {\aj},
     year = 1957,
    month = may,
   volume = 62,
    pages = {93-93},
      doi = {10.1086/107466},
   adsurl = {http://adsabs.harvard.edu/abs/1957AJ.....62...93K},
  adsnote = {Provided by the SAO/NASA Astrophysics Data System}
}

@ARTICLE{2019MNRAS.485.3134L,
       author = {{Laporte}, Chervin F.~P. and {Minchev}, Ivan and {Johnston}, Kathryn V. and
         {G{\'o}mez}, Facundo A.},
        title = "{Footprints of the Sagittarius dwarf galaxy in the Gaia data set}",
      journal = {\mnras},
     keywords = {Galaxy: disc, Galaxy: evolution, Galaxy: formation, Galaxy: halo, Galaxy: kinematics and dynamics, Galaxy: structure, Astrophysics - Astrophysics of Galaxies},
         year = "2019",
        month = "May",
       volume = {485},
       number = {3},
        pages = {3134-3152},
          doi = {10.1093/mnras/stz583},
archivePrefix = {arXiv},
       eprint = {1808.00451},
 primaryClass = {astro-ph.GA},
       adsurl = {https://ui.adsabs.harvard.edu/abs/2019MNRAS.485.3134L},
      adsnote = {Provided by the SAO/NASA Astrophysics Data System}
}

@ARTICLE{2015A&A...584A.120B,
       author = {{Buist}, Hans J.~T. and {Helmi}, Amina},
        title = "{The evolution of streams in a time-dependent potential}",
      journal = {\aap},
     keywords = {dark matter, Galaxy: halo, Galaxy: kinematics and dynamics, Galaxy: structure, galaxies: evolution, Astrophysics - Astrophysics of Galaxies},
         year = "2015",
        month = "Dec",
       volume = {584},
          eid = {A120},
        pages = {A120},
          doi = {10.1051/0004-6361/201526203},
archivePrefix = {arXiv},
       eprint = {1504.00008},
 primaryClass = {astro-ph.GA},
       adsurl = {https://ui.adsabs.harvard.edu/abs/2015A&A...584A.120B},
      adsnote = {Provided by the SAO/NASA Astrophysics Data System}
}

@ARTICLE{2005MNRAS.359...93M,
       author = {{Meza}, Andr{\'e}s and {Navarro}, Julio F. and {Abadi}, Mario G. and
         {Steinmetz}, Matthias},
        title = "{Accretion relics in the solar neighbourhood: debris from {\ensuremath{\omega}}Cen's parent galaxy}",
      journal = {\mnras},
     keywords = {Galaxy: disc, Galaxy: formation, Galaxy: kinematics and dynamics, Galaxy: structure, Astrophysics},
         year = "2005",
        month = "May",
       volume = {359},
       number = {1},
        pages = {93-103},
          doi = {10.1111/j.1365-2966.2005.08869.x},
archivePrefix = {arXiv},
       eprint = {astro-ph/0408567},
 primaryClass = {astro-ph},
       adsurl = {https://ui.adsabs.harvard.edu/abs/2005MNRAS.359...93M},
      adsnote = {Provided by the SAO/NASA Astrophysics Data System}
}

@ARTICLE{2011MNRAS.412.1203N,
       author = {{Navarro}, Julio F. and {Abadi}, Mario G. and {Venn}, Kim A. and
         {Freeman}, K.~C. and {Anguiano}, Borja},
        title = "{Through thick and thin: kinematic and chemical components in the solar neighbourhood}",
      journal = {\mnras},
     keywords = {Galaxy: abundances, Galaxy: evolution, Galaxy: formation, Galaxy: kinematics and dynamics, galaxies: formation, galaxies: structure, Astrophysics - Astrophysics of Galaxies},
         year = "2011",
        month = "Apr",
       volume = {412},
       number = {2},
        pages = {1203-1209},
          doi = {10.1111/j.1365-2966.2010.17975.x},
archivePrefix = {arXiv},
       eprint = {1009.0020},
 primaryClass = {astro-ph.GA},
       adsurl = {https://ui.adsabs.harvard.edu/abs/2011MNRAS.412.1203N},
      adsnote = {Provided by the SAO/NASA Astrophysics Data System}
}

@ARTICLE{2018MNRAS.478..611B,
       author = {{Belokurov}, V. and {Erkal}, D. and {Evans}, N.~W. and {Koposov}, S.~E. and
         {Deason}, A.~J.},
        title = "{Co-formation of the disc and the stellar halo}",
      journal = {\mnras},
     keywords = {galaxies: dwarf, Local Group, galaxies: structure, Astrophysics - Astrophysics of Galaxies},
         year = "2018",
        month = "Jul",
       volume = {478},
       number = {1},
        pages = {611-619},
          doi = {10.1093/mnras/sty982},
archivePrefix = {arXiv},
       eprint = {1802.03414},
 primaryClass = {astro-ph.GA},
       adsurl = {https://ui.adsabs.harvard.edu/abs/2018MNRAS.478..611B},
      adsnote = {Provided by the SAO/NASA Astrophysics Data System}
}

@ARTICLE{2019arXiv190502734G,
       author = {{Green}, Gregory M. and {Schlafly}, Edward F. and {Zucker}, Catherine and
         {Speagle}, Joshua S. and {Finkbeiner}, Douglas P.},
        title = "{A 3D Dust Map Based on Gaia, Pan-STARRS 1 and 2MASS}",
      journal = {arXiv e-prints},
     keywords = {Astrophysics - Astrophysics of Galaxies},
         year = "2019",
        month = "May",
          eid = {arXiv:1905.02734},
        pages = {arXiv:1905.02734},
archivePrefix = {arXiv},
       eprint = {1905.02734},
 primaryClass = {astro-ph.GA},
       adsurl = {https://ui.adsabs.harvard.edu/abs/2019arXiv190502734G},
      adsnote = {Provided by the SAO/NASA Astrophysics Data System}
}

@ARTICLE{2019MNRAS.483.4277C,
       author = {{Chen}, B. -Q. and {Huang}, Y. and {Yuan}, H. -B. and {Wang}, C. and
         {Fan}, D. -W. and {Xiang}, M. -S. and {Zhang}, H. -W. and
         {Tian}, Z. -J. and {Liu}, X. -W.},
        title = "{Three-dimensional interstellar dust reddening maps of the Galactic plane}",
      journal = {\mnras},
     keywords = {dust, extinction, ISM: structure, Galaxy: structure, Astrophysics - Astrophysics of Galaxies},
         year = "2019",
        month = "Mar",
       volume = {483},
       number = {4},
        pages = {4277-4289},
          doi = {10.1093/mnras/sty3341},
archivePrefix = {arXiv},
       eprint = {1807.02241},
 primaryClass = {astro-ph.GA},
       adsurl = {https://ui.adsabs.harvard.edu/abs/2019MNRAS.483.4277C},
      adsnote = {Provided by the SAO/NASA Astrophysics Data System}
}

@ARTICLE{2019arXiv190105971L,
       author = {{Leike}, R.~H. and {En{\ss}lin}, T.~A.},
        title = "{Charting nearby dust clouds using Gaia data only}",
      journal = {arXiv e-prints},
     keywords = {Astrophysics - Astrophysics of Galaxies, Astrophysics - Solar and Stellar Astrophysics},
         year = "2019",
        month = "Jan",
          eid = {arXiv:1901.05971},
        pages = {arXiv:1901.05971},
archivePrefix = {arXiv},
       eprint = {1901.05971},
 primaryClass = {astro-ph.GA},
       adsurl = {https://ui.adsabs.harvard.edu/abs/2019arXiv190105971L},
      adsnote = {Provided by the SAO/NASA Astrophysics Data System}
}

@ARTICLE{2013MNRAS.429..159G,
       author = {{G{\'o}mez}, Facundo A. and {Minchev}, Ivan and {O'Shea}, Brian W. and
         {Beers}, Timothy C. and {Bullock}, James S. and {Purcell}, Chris W.},
        title = "{Vertical density waves in the Milky Way disc induced by the Sagittarius dwarf galaxy}",
      journal = {\mnras},
     keywords = {Galaxy: disc, Galaxy: structure, galaxies: formation, galaxies: kinematics and dynamics, Astrophysics - Astrophysics of Galaxies},
         year = "2013",
        month = "Feb",
       volume = {429},
       number = {1},
        pages = {159-164},
          doi = {10.1093/mnras/sts327},
archivePrefix = {arXiv},
       eprint = {1207.3083},
 primaryClass = {astro-ph.GA},
       adsurl = {https://ui.adsabs.harvard.edu/abs/2013MNRAS.429..159G},
      adsnote = {Provided by the SAO/NASA Astrophysics Data System}
}

@ARTICLE{2018A&A...615A..49C,
       author = {{Cantat-Gaudin}, T. and {Vallenari}, A. and {Sordo}, R. and
         {Pensabene}, F. and {Krone-Martins}, A. and {Moitinho}, A. and
         {Jordi}, C. and {Casamiquela}, L. and {Balaguer-N{\'u}nez}, L. and
         {Soubiran}, C. and {Brouillet}, N.},
        title = "{Characterising open clusters in the solar neighbourhood with the Tycho-Gaia Astrometric Solution}",
      journal = {\aap},
     keywords = {galaxies: star clusters: general, methods: numerical, Astrophysics - Astrophysics of Galaxies},
         year = "2018",
        month = "Jul",
       volume = {615},
          eid = {A49},
        pages = {A49},
          doi = {10.1051/0004-6361/201731251},
archivePrefix = {arXiv},
       eprint = {1801.10042},
 primaryClass = {astro-ph.GA},
       adsurl = {https://ui.adsabs.harvard.edu/abs/2018A&A...615A..49C},
      adsnote = {Provided by the SAO/NASA Astrophysics Data System}
}

@ARTICLE{2018A&A...616A..12G,
       author = {{Gaia Collaboration} and {Helmi}, A. and {van Leeuwen}, F. and
         {McMillan}, P.~J. and {Massari}, D. and {Antoja}, T. and
         {Robin}, A.~C. and {Lindegren}, L. and {Bastian}, U. and {Arenou}, F. and
         {Babusiaux}, C. and {Biermann}, M. and {Breddels}, M.~A. and
         {Hobbs}, D. and {Jordi}, C. and {Pancino}, E. and {Reyl{\'e}}, C. and
         {Veljanoski}, J. and {Brown}, A.~G.~A. and {Vallenari}, A. and
         {Prusti}, T. and {de Bruijne}, J.~H.~J. and {Bailer-Jones}, C.~A.~L. and
         {Evans}, D.~W. and {Eyer}, L. and {Jansen}, F. and {Klioner}, S.~A. and
         {Lammers}, U. and {Luri}, X. and {Mignard}, F. and {Panem}, C. and
         {Pourbaix}, D. and {Randich}, S. and {Sartoretti}, P. and
         {Siddiqui}, H.~I. and {Soubiran}, C. and {Walton}, N.~A. and
         {Cropper}, M. and {Drimmel}, R. and {Katz}, D. and {Lattanzi}, M.~G. and
         {Bakker}, J. and {Cacciari}, C. and {Casta{\~n}eda}, J. and
         {Chaoul}, L. and {Cheek}, N. and {De Angeli}, F. and {Fabricius}, C. and
         {Guerra}, R. and {Holl}, B. and {Masana}, E. and {Messineo}, R. and
         {Mowlavi}, N. and {Nienartowicz}, K. and {Panuzzo}, P. and
         {Portell}, J. and {Riello}, M. and {Seabroke}, G.~M. and {Tanga}, P. and
         {Th{\'e}venin}, F. and {Gracia-Abril}, G. and {Comoretto}, G. and
         {Garcia-Reinaldos}, M. and {Teyssier}, D. and {Altmann}, M. and
         {Andrae}, R. and {Audard}, M. and {Bellas-Velidis}, I. and
         {Benson}, K. and {Berthier}, J. and {Blomme}, R. and {Burgess}, P. and
         {Busso}, G. and {Carry}, B. and {Cellino}, A. and {Clementini}, G. and
         {Clotet}, M. and {Creevey}, O. and {Davidson}, M. and {De Ridder}, J. and
         {Delchambre}, L. and {Dell'Oro}, A. and {Ducourant}, C. and
         {Fern{\'a}ndez-Hern{\'a}ndez}, J. and {Fouesneau}, M. and
         {Fr{\'e}mat}, Y. and {Galluccio}, L. and {Garc{\'\i}a-Torres}, M. and
         {Gonz{\'a}lez-N{\'u}{\~n}ez}, J. and {Gonz{\'a}lez-Vidal}, J.~J. and
         {Gosset}, E. and {Guy}, L.~P. and {Halbwachs}, J. -L. and
         {Hambly}, N.~C. and {Harrison}, D.~L. and {Hern{\'a}ndez}, J. and
         {Hestroffer}, D. and {Hodgkin}, S.~T. and {Hutton}, A. and
         {Jasniewicz}, G. and {Jean-Antoine-Piccolo}, A. and {Jordan}, S. and
         {Korn}, A.~J. and {Krone-Martins}, A. and {Lanzafame}, A.~C. and
         {Lebzelter}, T. and {L{\"o}ffler}, W. and {Manteiga}, M. and
         {Marrese}, P.~M. and {Mart{\'\i}n-Fleitas}, J.~M. and {Moitinho}, A. and
         {Mora}, A. and {Muinonen}, K. and {Osinde}, J. and {Pauwels}, T. and
         {Petit}, J. -M. and {Recio-Blanco}, A. and {Richards}, P.~J. and
         {Rimoldini}, L. and {Sarro}, L.~M. and {Siopis}, C. and {Smith}, M. and
         {Sozzetti}, A. and {S{\"u}veges}, M. and {Torra}, J. and
         {van Reeven}, W. and {Abbas}, U. and {Abreu Aramburu}, A. and
         {Accart}, S. and {Aerts}, C. and {Altavilla}, G. and
         {{\'A}lvarez}, M.~A. and {Alvarez}, R. and {Alves}, J. and
         {Anderson}, R.~I. and {Andrei}, A.~H. and {Anglada Varela}, E. and
         {Antiche}, E. and {Arcay}, B. and {Astraatmadja}, T.~L. and {Bach}, N. and
         {Baker}, S.~G. and {Balaguer-N{\'u}{\~n}ez}, L. and {Balm}, P. and
         {Barache}, C. and {Barata}, C. and {Barbato}, D. and {Barblan}, F. and
         {Barklem}, P.~S. and {Barrado}, D. and {Barros}, M. and
         {Barstow}, M.~A. and {Bartholom{\'e} Mu{\~n}oz}, S. and
         {Bassilana}, J. -L. and {Becciani}, U. and {Bellazzini}, M. and
         {Berihuete}, A. and {Bertone}, S. and {Bianchi}, L. and
         {Bienaym{\'e}}, O. and {Blanco-Cuaresma}, S. and {Boch}, T. and
         {Boeche}, C. and {Bombrun}, A. and {Borrachero}, R. and {Bossini}, D. and
         {Bouquillon}, S. and {Bourda}, G. and {Bragaglia}, A. and
         {Bramante}, L. and {Bressan}, A. and {Brouillet}, N. and
         {Br{\"u}semeister}, T. and {Brugaletta}, E. and {Bucciarelli}, B. and
         {Burlacu}, A. and {Busonero}, D. and {Butkevich}, A.~G. and
         {Buzzi}, R. and {Caffau}, E. and {Cancelliere}, R. and
         {Cannizzaro}, G. and {Cantat-Gaudin}, T. and {Carballo}, R. and
         {Carlucci}, T. and {Carrasco}, J.~M. and {Casamiquela}, L. and
         {Castellani}, M. and {Castro-Ginard}, A. and {Charlot}, P. and
         {Chemin}, L. and {Chiavassa}, A. and {Cocozza}, G. and {Costigan}, G. and
         {Cowell}, S. and {Crifo}, F. and {Crosta}, M. and {Crowley}, C. and
         {Cuypers}, J. and {Dafonte}, C. and {Damerdji}, Y. and
         {Dapergolas}, A. and {David}, P. and {David}, M. and {de Laverny}, P. and
         {De Luise}, F. and {De March}, R. and {de Martino}, D. and
         {de Souza}, R. and {de Torres}, A. and {Debosscher}, J. and
         {del Pozo}, E. and {Delbo}, M. and {Delgado}, A. and {Delgado}, H.~E. and
         {Di Matteo}, P. and {Diakite}, S. and {Diener}, C. and {Distefano}, E. and
         {Dolding}, C. and {Drazinos}, P. and {Dur{\'a}n}, J. and
         {Edvardsson}, B. and {Enke}, H. and {Eriksson}, K. and {Esquej}, P. and
         {Eynard Bontemps}, G. and {Fabre}, C. and {Fabrizio}, M. and
         {Faigler}, S. and {Falc{\~a}o}, A.~J. and {Farr{\`a}s Casas}, M. and
         {Federici}, L. and {Fedorets}, G. and {Fernique}, P. and
         {Figueras}, F. and {Filippi}, F. and {Findeisen}, K. and {Fonti}, A. and
         {Fraile}, E. and {Fraser}, M. and {Fr{\'e}zouls}, B. and {Gai}, M. and
         {Galleti}, S. and {Garabato}, D. and {Garc{\'\i}a-Sedano}, F. and
         {Garofalo}, A. and {Garralda}, N. and {Gavel}, A. and {Gavras}, P. and
         {Gerssen}, J. and {Geyer}, R. and {Giacobbe}, P. and {Gilmore}, G. and
         {Girona}, S. and {Giuffrida}, G. and {Glass}, F. and {Gomes}, M. and
         {Granvik}, M. and {Gueguen}, A. and {Guerrier}, A. and {Guiraud}, J. and
         {Guti{\'e}rrez-S{\'a}nchez}, R. and {Hofmann}, W. and {Holland}, G. and
         {Huckle}, H.~E. and {Hypki}, A. and {Icardi}, V. and {Jan{\ss}en}, K. and
         {Jevardat de Fombelle}, G. and {Jonker}, P.~G. and
         {Juh{\'a}sz}, {\'A}. L. and {Julbe}, F. and {Karampelas}, A. and
         {Kewley}, A. and {Klar}, J. and {Kochoska}, A. and {Kohley}, R. and
         {Kolenberg}, K. and {Kontizas}, M. and {Kontizas}, E. and
         {Koposov}, S.~E. and {Kordopatis}, G. and {Kostrzewa-Rutkowska}, Z. and
         {Koubsky}, P. and {Lambert}, S. and {Lanza}, A.~F. and {Lasne}, Y. and
         {Lavigne}, J. -B. and {Le Fustec}, Y. and {Le Poncin-Lafitte}, C. and
         {Lebreton}, Y. and {Leccia}, S. and {Leclerc}, N. and
         {Lecoeur-Taibi}, I. and {Lenhardt}, H. and {Leroux}, F. and {Liao}, S. and
         {Licata}, E. and {Lindstr{\o}m}, H.~E.~P. and {Lister}, T.~A. and
         {Livanou}, E. and {Lobel}, A. and {L{\'o}pez}, M. and {Managau}, S. and
         {Mann}, R.~G. and {Mantelet}, G. and {Marchal}, O. and
         {Marchant}, J.~M. and {Marconi}, M. and {Marinoni}, S. and
         {Marschalk{\'o}}, G. and {Marshall}, D.~J. and {Martino}, M. and
         {Marton}, G. and {Mary}, N. and {Matijevi{\v{c}}}, G. and {Mazeh}, T. and
         {Messina}, S. and {Michalik}, D. and {Millar}, N.~R. and {Molina}, D. and
         {Molinaro}, R. and {Moln{\'a}r}, L. and {Montegriffo}, P. and
         {Mor}, R. and {Morbidelli}, R. and {Morel}, T. and {Morris}, D. and
         {Mulone}, A.~F. and {Muraveva}, T. and {Musella}, I. and
         {Nelemans}, G. and {Nicastro}, L. and {Noval}, L. and {O'Mullane}, W. and
         {Ord{\'e}novic}, C. and {Ord{\'o}{\~n}ez-Blanco}, D. and {Osborne}, P. and
         {Pagani}, C. and {Pagano}, I. and {Pailler}, F. and {Palacin}, H. and
         {Palaversa}, L. and {Panahi}, A. and {Pawlak}, M. and
         {Piersimoni}, A.~M. and {Pineau}, F. -X. and {Plachy}, E. and
         {Plum}, G. and {Poggio}, E. and {Poujoulet}, E. and {Pr{\v{s}}a}, A. and
         {Pulone}, L. and {Racero}, E. and {Ragaini}, S. and {Rambaux}, N. and
         {Ramos-Lerate}, M. and {Regibo}, S. and {Riclet}, F. and {Ripepi}, V. and
         {Riva}, A. and {Rivard}, A. and {Rixon}, G. and {Roegiers}, T. and
         {Roelens}, M. and {Romero-G{\'o}mez}, M. and {Rowell}, N. and
         {Royer}, F. and {Ruiz-Dern}, L. and {Sadowski}, G. and
         {Sagrist{\`a} Sell{\'e}s}, T. and {Sahlmann}, J. and {Salgado}, J. and
         {Salguero}, E. and {Sanna}, N. and {Santana-Ros}, T. and {Sarasso}, M. and
         {Savietto}, H. and {Schultheis}, M. and {Sciacca}, E. and {Segol}, M. and
         {Segovia}, J.~C. and {S{\'e}gransan}, D. and {Shih}, I. -C. and
         {Siltala}, L. and {Silva}, A.~F. and {Smart}, R.~L. and {Smith}, K.~W. and
         {Solano}, E. and {Solitro}, F. and {Sordo}, R. and {Soria Nieto}, S. and
         {Souchay}, J. and {Spagna}, A. and {Spoto}, F. and {Stampa}, U. and
         {Steele}, I.~A. and {Steidelm{\"u}ller}, H. and {Stephenson}, C.~A. and
         {Stoev}, H. and {Suess}, F.~F. and {Surdej}, J. and {Szabados}, L. and
         {Szegedi-Elek}, E. and {Tapiador}, D. and {Taris}, F. and {Tauran}, G. and
         {Taylor}, M.~B. and {Teixeira}, R. and {Terrett}, D. and {Teyssand
        ier}, P. and {Thuillot}, W. and {Titarenko}, A. and {Torra Clotet}, F. and
         {Turon}, C. and {Ulla}, A. and {Utrilla}, E. and {Uzzi}, S. and
         {Vaillant}, M. and {Valentini}, G. and {Valette}, V. and
         {van Elteren}, A. and {Van Hemelryck}, E. and {van Leeuwen}, M. and
         {Vaschetto}, M. and {Vecchiato}, A. and {Viala}, Y. and {Vicente}, D. and
         {Vogt}, S. and {von Essen}, C. and {Voss}, H. and {Votruba}, V. and
         {Voutsinas}, S. and {Walmsley}, G. and {Weiler}, M. and {Wertz}, O. and
         {Wevems}, T. and {Wyrzykowski}, {\L}. and {Yoldas}, A. and
         {{\v{Z}}erjal}, M. and {Ziaeepour}, H. and {Zorec}, J. and
         {Zschocke}, S. and {Zucker}, S. and {Zurbach}, C. and {Zwitter}, T.},
        title = "{Gaia Data Release 2. Kinematics of globular clusters and dwarf galaxies around the Milky Way}",
      journal = {\aap},
     keywords = {Galaxy: kinematics and dynamics, astrometry, globular clusters: general, galaxies: dwarf, Local Group, Magellanic Clouds, Astrophysics - Astrophysics of Galaxies},
         year = "2018",
        month = "Aug",
       volume = {616},
          eid = {A12},
        pages = {A12},
          doi = {10.1051/0004-6361/201832698},
archivePrefix = {arXiv},
       eprint = {1804.09381},
 primaryClass = {astro-ph.GA},
       adsurl = {https://ui.adsabs.harvard.edu/abs/2018A&A...616A..12G},
      adsnote = {Provided by the SAO/NASA Astrophysics Data System}
}

@ARTICLE{2014ApJ...795...95B,
       author = {{Bovy}, Jo},
        title = "{Dynamical Modeling of Tidal Streams}",
      journal = {\apj},
     keywords = {dark matter, galaxies: interactions, Galaxy: halo, Galaxy: kinematics and dynamics, Galaxy: structure, Astrophysics - Astrophysics of Galaxies, Astrophysics - Cosmology and Nongalactic Astrophysics},
         year = "2014",
        month = "Nov",
       volume = {795},
       number = {1},
          eid = {95},
        pages = {95},
          doi = {10.1088/0004-637X/795/1/95},
archivePrefix = {arXiv},
       eprint = {1401.2985},
 primaryClass = {astro-ph.GA},
       adsurl = {https://ui.adsabs.harvard.edu/abs/2014ApJ...795...95B},
      adsnote = {Provided by the SAO/NASA Astrophysics Data System}
}

@ARTICLE{2014MNRAS.445.2169M,
       author = {{Mamajek}, Eric E. and {Bell}, Cameron P.~M.},
        title = "{On the age of the {\ensuremath{\beta}} Pictoris moving group}",
      journal = {\mnras},
     keywords = {stars: formation, stars: fundamental parameters, stars: kinematics and dynamics, open clusters and associations: individual: {\ensuremath{\beta}} Pictoris moving group, Astrophysics - Solar and Stellar Astrophysics},
         year = "2014",
        month = "Dec",
       volume = {445},
       number = {3},
        pages = {2169-2180},
          doi = {10.1093/mnras/stu1894},
archivePrefix = {arXiv},
       eprint = {1409.2737},
 primaryClass = {astro-ph.SR},
       adsurl = {https://ui.adsabs.harvard.edu/abs/2014MNRAS.445.2169M},
      adsnote = {Provided by the SAO/NASA Astrophysics Data System}
}

@ARTICLE{2016A&A...588A.120C,
       author = {{Cantat-Gaudin}, T. and {Donati}, P. and {Vallenari}, A. and
         {Sordo}, R. and {Bragaglia}, A. and {Magrini}, L.},
        title = "{Abundances and kinematics for ten anticentre open clusters}",
      journal = {\aap},
     keywords = {stars: abundances, Galaxy: disk, open clusters and associations: general, Astrophysics - Astrophysics of Galaxies},
         year = "2016",
        month = "Apr",
       volume = {588},
          eid = {A120},
        pages = {A120},
          doi = {10.1051/0004-6361/201628115},
archivePrefix = {arXiv},
       eprint = {1602.07121},
 primaryClass = {astro-ph.GA},
       adsurl = {https://ui.adsabs.harvard.edu/abs/2016A&A...588A.120C},
      adsnote = {Provided by the SAO/NASA Astrophysics Data System}
}

@ARTICLE{2018A&A...616A..37B,
       author = {{Bailer-Jones}, C.~A.~L. and {Rybizki}, J. and {Andrae}, R. and
         {Fouesneau}, M.},
        title = "{New stellar encounters discovered in the second Gaia data release}",
      journal = {\aap},
     keywords = {Oort Cloud, methods: analytical, methods: statistical, astrometry, solar neighborhood, surveys, Astrophysics - Solar and Stellar Astrophysics, Astrophysics - Earth and Planetary Astrophysics, Astrophysics - Astrophysics of Galaxies},
         year = "2018",
        month = "Aug",
       volume = {616},
          eid = {A37},
        pages = {A37},
          doi = {10.1051/0004-6361/201833456},
archivePrefix = {arXiv},
       eprint = {1805.07581},
 primaryClass = {astro-ph.SR},
       adsurl = {https://ui.adsabs.harvard.edu/abs/2018A&A...616A..37B},
      adsnote = {Provided by the SAO/NASA Astrophysics Data System}
}

@article{astropy:2013,
Adsnote = {Provided by the SAO/NASA Astrophysics Data System},
Adsurl = {http://adsabs.harvard.edu/abs/2013A%26A...558A..33A},
Archiveprefix = {arXiv},
Author = {{Astropy Collaboration} and {Robitaille}, T.~P. and {Tollerud}, E.~J. and {Greenfield}, P. and {Droettboom}, M. and {Bray}, E. and {Aldcroft}, T. and {Davis}, M. and {Ginsburg}, A. and {Price-Whelan}, A.~M. and {Kerzendorf}, W.~E. and {Conley}, A. and {Crighton}, N. and {Barbary}, K. and {Muna}, D. and {Ferguson}, H. and {Grollier}, F. and {Parikh}, M.~M. and {Nair}, P.~H. and {Unther}, H.~M. and {Deil}, C. and {Woillez}, J. and {Conseil}, S. and {Kramer}, R. and {Turner}, J.~E.~H. and {Singer}, L. and {Fox}, R. and {Weaver}, B.~A. and {Zabalza}, V. and {Edwards}, Z.~I. and {Azalee Bostroem}, K. and {Burke}, D.~J. and {Casey}, A.~R. and {Crawford}, S.~M. and {Dencheva}, N. and {Ely}, J. and {Jenness}, T. and {Labrie}, K. and {Lim}, P.~L. and {Pierfederici}, F. and {Pontzen}, A. and {Ptak}, A. and {Refsdal}, B. and {Servillat}, M. and {Streicher}, O.},
Doi = {10.1051/0004-6361/201322068},
Eid = {A33},
Eprint = {1307.6212},
Journal = {\aap},
Keywords = {methods: data analysis, methods: miscellaneous, virtual observatory tools},
Month = oct,
Pages = {A33},
Primaryclass = {astro-ph.IM},
Title = {{Astropy: A community Python package for astronomy}},
Volume = 558,
Year = 2013,
Bdsk-Url-1 = {https://dx.doi.org/10.1051/0004-6361/201322068}}

@article{astropy:2018,
Adsnote = {Provided by the SAO/NASA Astrophysics Data System},
Adsurl = {https://ui.adsabs.harvard.edu/#abs/2018AJ....156..123T},
Author = {{Price-Whelan}, A.~M. and {Sip{\H{o}}cz}, B.~M. and {G{\"u}nther}, H.~M. and {Lim}, P.~L. and {Crawford}, S.~M. and {Conseil}, S. and {Shupe}, D.~L. and {Craig}, M.~W. and {Dencheva}, N. and {Ginsburg}, A. and {VanderPlas}, J.~T. and {Bradley}, L.~D. and {P{\'e}rez-Su{\'a}rez}, D. and {de Val-Borro}, M. and {Paper Contributors}, (Primary and {Aldcroft}, T.~L. and {Cruz}, K.~L. and {Robitaille}, T.~P. and {Tollerud}, E.~J. and {Coordination Committee}, (Astropy and {Ardelean}, C. and {Babej}, T. and {Bach}, Y.~P. and {Bachetti}, M. and {Bakanov}, A.~V. and {Bamford}, S.~P. and {Barentsen}, G. and {Barmby}, P. and {Baumbach}, A. and {Berry}, K.~L. and {Biscani}, F. and {Boquien}, M. and {Bostroem}, K.~A. and {Bouma}, L.~G. and {Brammer}, G.~B. and {Bray}, E.~M. and {Breytenbach}, H. and {Buddelmeijer}, H. and {Burke}, D.~J. and {Calderone}, G. and {Cano Rodr{\'\i}guez}, J.~L. and {Cara}, M. and {Cardoso}, J.~V.~M. and {Cheedella}, S. and {Copin}, Y. and {Corrales}, L. and {Crichton}, D. and {D{\textquoteright}Avella}, D. and {Deil}, C. and {Depagne}, {\'E}. and {Dietrich}, J.~P. and {Donath}, A. and {Droettboom}, M. and {Earl}, N. and {Erben}, T. and {Fabbro}, S. and {Ferreira}, L.~A. and {Finethy}, T. and {Fox}, R.~T. and {Garrison}, L.~H. and {Gibbons}, S.~L.~J. and {Goldstein}, D.~A. and {Gommers}, R. and {Greco}, J.~P. and {Greenfield}, P. and {Groener}, A.~M. and {Grollier}, F. and {Hagen}, A. and {Hirst}, P. and {Homeier}, D. and {Horton}, A.~J. and {Hosseinzadeh}, G. and {Hu}, L. and {Hunkeler}, J.~S. and {Ivezi{\'c}}, {\v{Z}}. and {Jain}, A. and {Jenness}, T. and {Kanarek}, G. and {Kendrew}, S. and {Kern}, N.~S. and {Kerzendorf}, W.~E. and {Khvalko}, A. and {King}, J. and {Kirkby}, D. and {Kulkarni}, A.~M. and {Kumar}, A. and {Lee}, A. and {Lenz}, D. and {Littlefair}, S.~P. and {Ma}, Z. and {Macleod}, D.~M. and {Mastropietro}, M. and {McCully}, C. and {Montagnac}, S. and {Morris}, B.~M. and {Mueller}, M. and {Mumford}, S.~J. and {Muna}, D. and {Murphy}, N.~A. and {Nelson}, S. and {Nguyen}, G.~H. and {Ninan}, J.~P. and {N{\"o}the}, M. and {Ogaz}, S. and {Oh}, S. and {Parejko}, J.~K. and {Parley}, N. and {Pascual}, S. and {Patil}, R. and {Patil}, A.~A. and {Plunkett}, A.~L. and {Prochaska}, J.~X. and {Rastogi}, T. and {Reddy Janga}, V. and {Sabater}, J. and {Sakurikar}, P. and {Seifert}, M. and {Sherbert}, L.~E. and {Sherwood-Taylor}, H. and {Shih}, A.~Y. and {Sick}, J. and {Silbiger}, M.~T. and {Singanamalla}, S. and {Singer}, L.~P. and {Sladen}, P.~H. and {Sooley}, K.~A. and {Sornarajah}, S. and {Streicher}, O. and {Teuben}, P. and {Thomas}, S.~W. and {Tremblay}, G.~R. and {Turner}, J.~E.~H. and {Terr{\'o}n}, V. and {van Kerkwijk}, M.~H. and {de la Vega}, A. and {Watkins}, L.~L. and {Weaver}, B.~A. and {Whitmore}, J.~B. and {Woillez}, J. and {Zabalza}, V. and {Contributors}, (Astropy},
Doi = {10.3847/1538-3881/aabc4f},
Eid = {123},
Journal = {\aj},
Keywords = {methods: data analysis, methods: miscellaneous, methods: statistical, reference systems, Astrophysics - Instrumentation and Methods for Astrophysics},
Month = Sep,
Pages = {123},
Primaryclass = {astro-ph.IM},
Title = {{The Astropy Project: Building an Open-science Project and Status of the v2.0 Core Package}},
Volume = {156},
Year = 2018,
Bdsk-Url-1 = {https://doi.org/10.3847/1538-3881/aabc4f}}

@article{gala,
  doi = {10.21105/joss.00388},
  url = {https://doi.org/10.21105%2Fjoss.00388},
  year = 2017,
  month = {oct},
  publisher = {The Open Journal},
  volume = {2},
  number = {18},
  author = {Adrian M. Price-Whelan},
  title = {Gala: A Python package for galactic dynamics},
  journal = {The Journal of Open Source Software}
}

@misc{gala:zenodo,
  author       = {Adrian Price-Whelan and
                  Brigitta Sipocz and
                  Daniel Lenz and
                  Johnny Greco and
                  Syrtis Major and
                  Semyeong Oh and
                  P. L. Lim},
  title        = {adrn/gala: v1.0},
  month        = apr,
  year         = 2019,
  doi          = {10.5281/zenodo.2638307},
  url          = {https://doi.org/10.5281/zenodo.2638307}
}


@Article{Hunter:2007,
  Author    = {Hunter, J. D.},
  Title     = {Matplotlib: A 2D graphics environment},
  Journal   = {Computing In Science \& Engineering},
  Volume    = {9},
  Number    = {3},
  Pages     = {90--95},
  abstract  = {Matplotlib is a 2D graphics package used for Python
  for application development, interactive scripting, and
  publication-quality image generation across user
  interfaces and operating systems.},
  publisher = {IEEE COMPUTER SOC},
  year      = 2007
}

@ARTICLE{numpy:2011,
       author = {{Van Der Walt}, Stefan and {Colbert}, S. Chris and {Varoquaux}, Ga{\"e}l},
        title = "{The NumPy array: a structure for efficient numerical computation}",
      journal = {ArXiv e-prints},
     keywords = {Computer Science - Mathematical Software},
         year = 2011,
        month = Feb,
          eid = {arXiv:1102.1523},
        pages = {arXiv:1102.1523},
archivePrefix = {arXiv},
       eprint = {1102.1523},
       adsurl = {https://ui.adsabs.harvard.edu/#abs/2011arXiv1102.1523V},
      adsnote = {Provided by the SAO/NASA Astrophysics Data System}
}

@Misc{scipy:2001,
  author =    {Eric Jones and Travis Oliphant and Pearu Peterson and others},
  title =     {{SciPy}: Open source scientific tools for {Python}},
  year =      {2001--},
  url = "http://www.scipy.org/",
}

@misc{casper_o_da_costa_luis_2019_2800317,
  author       = {Casper O. da Costa-Luis},
  title        = {{tqdm: A Fast, Extensible Progress Meter for Python 
                   and CLI}},
  month        = may,
  year         = 2019,
  doi          = {10.5281/zenodo.2800317},
  url          = {https://doi.org/10.5281/zenodo.2800317}
}

@ARTICLE{2002ApJ...569..245N,
       author = {{Newberg}, Heidi Jo and {Yanny}, Brian and {Rockosi}, Connie and
         {Grebel}, Eva K. and {Rix}, Hans-Walter and {Brinkmann}, Jon and
         {Csabai}, Istvan and {Hennessy}, Greg and {Hindsley}, Robert B. and
         {Ibata}, Rodrigo},
        title = "{The Ghost of Sagittarius and Lumps in the Halo of the Milky Way}",
      journal = {\apj},
     keywords = {Galaxy: Halo, Galaxy: Structure, Astrophysics},
         year = "2002",
        month = "Apr",
       volume = {569},
       number = {1},
        pages = {245-274},
          doi = {10.1086/338983},
archivePrefix = {arXiv},
       eprint = {astro-ph/0111095},
 primaryClass = {astro-ph},
       adsurl = {https://ui.adsabs.harvard.edu/abs/2002ApJ...569..245N},
      adsnote = {Provided by the SAO/NASA Astrophysics Data System}
}

@ARTICLE{2003MNRAS.340L..21I,
       author = {{Ibata}, R.~A. and {Irwin}, M.~J. and {Lewis}, G.~F. and
         {Ferguson}, A.~M.~N. and {Tanvir}, N.},
        title = "{One ring to encompass them all: a giant stellar structure that surrounds the Galaxy}",
      journal = {\mnras},
     keywords = {Galaxy: disc, Galaxy: structure, galaxies: interactions, Astrophysics},
         year = "2003",
        month = "Apr",
       volume = {340},
       number = {3},
        pages = {L21-L27},
          doi = {10.1046/j.1365-8711.2003.06545.x},
archivePrefix = {arXiv},
       eprint = {astro-ph/0301067},
 primaryClass = {astro-ph},
       adsurl = {https://ui.adsabs.harvard.edu/abs/2003MNRAS.340L..21I},
      adsnote = {Provided by the SAO/NASA Astrophysics Data System}
}

@ARTICLE{2003ApJ...594L.119C,
       author = {{Crane}, Jeffrey D. and {Majewski}, Steven R. and
         {Rocha-Pinto}, Helio J. and {Frinchaboy}, Peter M. and
         {Skrutskie}, Michael F. and {Law}, David R.},
        title = "{Exploring Halo Substructure with Giant Stars: Spectroscopy of Stars in the Galactic Anticenter Stellar Structure}",
      journal = {\apj},
     keywords = {Galaxies: Interactions, Galaxy: Disk, Galaxy: Structure, Astrophysics},
         year = "2003",
        month = "Sep",
       volume = {594},
       number = {2},
        pages = {L119-L122},
          doi = {10.1086/378767},
archivePrefix = {arXiv},
       eprint = {astro-ph/0307505},
 primaryClass = {astro-ph},
       adsurl = {https://ui.adsabs.harvard.edu/abs/2003ApJ...594L.119C},
      adsnote = {Provided by the SAO/NASA Astrophysics Data System}
}

@ARTICLE{2014ApJ...791....9S,
       author = {{Slater}, Colin T. and {Bell}, Eric F. and {Schlafly}, Edward F. and
         {Morganson}, Eric and {Martin}, Nicolas F. and {Rix}, Hans-Walter and
         {Pe{\~n}arrubia}, Jorge and {Bernard}, Edouard J. and
         {Ferguson}, Annette M.~N. and {Martinez-Delgado}, David},
        title = "{The Complex Structure of Stars in the Outer Galactic Disk as Revealed by Pan-STARRS1}",
      journal = {\apj},
     keywords = {galaxies: evolution, galaxies: interactions, Galaxy: disk, Galaxy: structure, Astrophysics - Astrophysics of Galaxies},
         year = "2014",
        month = "Aug",
       volume = {791},
       number = {1},
          eid = {9},
        pages = {9},
          doi = {10.1088/0004-637X/791/1/9},
archivePrefix = {arXiv},
       eprint = {1406.6368},
 primaryClass = {astro-ph.GA},
       adsurl = {https://ui.adsabs.harvard.edu/abs/2014ApJ...791....9S},
      adsnote = {Provided by the SAO/NASA Astrophysics Data System}
}

@ARTICLE{2016ApJ...825..140M,
       author = {{Morganson}, Eric and {Conn}, Blair and {Rix}, Hans-Walter and
         {Bell}, Eric F. and {Burgett}, William S. and {Chambers}, Kenneth and
         {Dolphin}, Andrew and {Draper}, Peter W. and {Flewelling}, Heather and
         {Hodapp}, Klaus},
        title = "{Mapping the Monoceros Ring in 3D with Pan-STARRS1}",
      journal = {\apj},
     keywords = {Galaxy: disk, Astrophysics - Astrophysics of Galaxies},
         year = "2016",
        month = "Jul",
       volume = {825},
       number = {2},
          eid = {140},
        pages = {140},
          doi = {10.3847/0004-637X/825/2/140},
archivePrefix = {arXiv},
       eprint = {1604.07501},
 primaryClass = {astro-ph.GA},
       adsurl = {https://ui.adsabs.harvard.edu/abs/2016ApJ...825..140M},
      adsnote = {Provided by the SAO/NASA Astrophysics Data System}
}

@ARTICLE{2007ApJ...668L.123M,
       author = {{Martin}, Nicolas F. and {Ibata}, Rodrigo A. and {Irwin}, Mike},
        title = "{Galactic Halo Stellar Structures in the Triangulum-Andromeda Region}",
      journal = {\apj},
     keywords = {Galaxy: Evolution, Galaxy: Halo, Galaxy: Structure, Galaxies: Local Group, Astrophysics},
         year = "2007",
        month = "Oct",
       volume = {668},
       number = {2},
        pages = {L123-L126},
          doi = {10.1086/522791},
archivePrefix = {arXiv},
       eprint = {astro-ph/0703506},
 primaryClass = {astro-ph},
       adsurl = {https://ui.adsabs.harvard.edu/abs/2007ApJ...668L.123M},
      adsnote = {Provided by the SAO/NASA Astrophysics Data System}
}

@ARTICLE{2015ApJ...801..105X,
       author = {{Xu}, Yan and {Newberg}, Heidi Jo and {Carlin}, Jeffrey L. and
         {Liu}, Chao and {Deng}, Licai and {Li}, Jing and
         {Sch{\"o}nrich}, Ralph and {Yanny}, Brian},
        title = "{Rings and Radial Waves in the Disk of the Milky Way}",
      journal = {\apj},
     keywords = {Galaxy: disk, Galaxy: kinematics and dynamics, Galaxy: structure, Astrophysics - Astrophysics of Galaxies},
         year = "2015",
        month = "Mar",
       volume = {801},
       number = {2},
          eid = {105},
        pages = {105},
          doi = {10.1088/0004-637X/801/2/105},
archivePrefix = {arXiv},
       eprint = {1503.00257},
 primaryClass = {astro-ph.GA},
       adsurl = {https://ui.adsabs.harvard.edu/abs/2015ApJ...801..105X},
      adsnote = {Provided by the SAO/NASA Astrophysics Data System}
}

@ARTICLE{2017ApJ...844...74L,
       author = {{Li}, Ting S. and {Sheffield}, Allyson A. and {Johnston}, Kathryn V. and
         {Marshall}, Jennifer L. and {Majewski}, Steven R. and
         {Price-Whelan}, Adrian M. and {Damke}, Guillermo J. and
         {Beaton}, Rachael L. and {Bernard}, Edouard J. and
         {Richardson}, Whitney},
        title = "{Exploring Halo Substructure with Giant Stars. XV. Discovery of a Connection between the Monoceros Ring and the Triangulum-Andromeda Overdensity?}",
      journal = {\apj},
     keywords = {galaxies: interactions, Galaxy: disk, Galaxy: formation, Galaxy: halo, Galaxy: structure, Astrophysics - Astrophysics of Galaxies},
         year = "2017",
        month = "Jul",
       volume = {844},
       number = {1},
          eid = {74},
        pages = {74},
          doi = {10.3847/1538-4357/aa7a0d},
archivePrefix = {arXiv},
       eprint = {1703.05384},
 primaryClass = {astro-ph.GA},
       adsurl = {https://ui.adsabs.harvard.edu/abs/2017ApJ...844...74L},
      adsnote = {Provided by the SAO/NASA Astrophysics Data System}
}

@ARTICLE{2014ApJ...793...62S,
       author = {{Sheffield}, Allyson A. and {Johnston}, Kathryn V. and
         {Majewski}, Steven R. and {Damke}, Guillermo and {Richardson}, Whitney and
         {Beaton}, Rachael and {Rocha-Pinto}, Helio J.},
        title = "{Exploring Halo Substructure with Giant Stars. XIV. The Nature of the Triangulum-Andromeda Stellar Features}",
      journal = {\apj},
     keywords = {Galaxy: formation, Galaxy: halo, Galaxy: structure, Astrophysics - Astrophysics of Galaxies},
         year = "2014",
        month = "Sep",
       volume = {793},
       number = {1},
          eid = {62},
        pages = {62},
          doi = {10.1088/0004-637X/793/1/62},
archivePrefix = {arXiv},
       eprint = {1407.4463},
 primaryClass = {astro-ph.GA},
       adsurl = {https://ui.adsabs.harvard.edu/abs/2014ApJ...793...62S},
      adsnote = {Provided by the SAO/NASA Astrophysics Data System}
}

@ARTICLE{2015MNRAS.452..676P,
       author = {{Price-Whelan}, Adrian M. and {Johnston}, Kathryn V. and
         {Sheffield}, Allyson A. and {Laporte}, Chervin F.~P. and
         {Sesar}, Branimir},
        title = "{A reinterpretation of the Triangulum-Andromeda stellar clouds: a population of halo stars kicked out of the Galactic disc}",
      journal = {\mnras},
     keywords = {techniques: spectroscopic, stars: variables: RR Lyrae, Galaxy: disc, Galaxy: halo, Galaxy: stellar content, Galaxy: structure, Astrophysics - Astrophysics of Galaxies},
         year = "2015",
        month = "Sep",
       volume = {452},
       number = {1},
        pages = {676-685},
          doi = {10.1093/mnras/stv1324},
archivePrefix = {arXiv},
       eprint = {1503.08780},
 primaryClass = {astro-ph.GA},
       adsurl = {https://ui.adsabs.harvard.edu/abs/2015MNRAS.452..676P},
      adsnote = {Provided by the SAO/NASA Astrophysics Data System}
}

@ARTICLE{2010ApJ...722..750S,
       author = {{Sharma}, Sanjib and {Johnston}, Kathryn V. and {Majewski}, Steven R. and
         {Mu{\~n}oz}, Ricardo R. and {Carlberg}, Joleen K. and {Bullock}, James},
        title = "{Group Finding in the Stellar Halo Using M-giants in the Two Micron All Sky Survey: An Extended View of the Pisces Overdensity?}",
      journal = {\apj},
     keywords = {galaxies: halos, galaxies: structure, methods: data analysis, methods: numerical, Astrophysics - Astrophysics of Galaxies},
         year = "2010",
        month = "Oct",
       volume = {722},
       number = {1},
        pages = {750-759},
          doi = {10.1088/0004-637X/722/1/750},
archivePrefix = {arXiv},
       eprint = {1009.0924},
 primaryClass = {astro-ph.GA},
       adsurl = {https://ui.adsabs.harvard.edu/abs/2010ApJ...722..750S},
      adsnote = {Provided by the SAO/NASA Astrophysics Data System}
}

@ARTICLE{2014Natur.509..342F,
       author = {{Feast}, Michael W. and {Menzies}, John W. and {Matsunaga}, Noriyuki and
         {Whitelock}, Patricia A.},
        title = "{Cepheid variables in the flared outer disk of our galaxy}",
      journal = {\nat},
     keywords = {Astrophysics - Astrophysics of Galaxies, Astrophysics - Solar and Stellar Astrophysics},
         year = "2014",
        month = "May",
       volume = {509},
       number = {7500},
        pages = {342-344},
          doi = {10.1038/nature13246},
archivePrefix = {arXiv},
       eprint = {1406.7660},
 primaryClass = {astro-ph.GA},
       adsurl = {https://ui.adsabs.harvard.edu/abs/2014Natur.509..342F},
      adsnote = {Provided by the SAO/NASA Astrophysics Data System}
}

@ARTICLE{2018Natur.555..334B,
       author = {{Bergemann}, Maria and {Sesar}, Branimir and {Cohen}, Judith G. and
         {Serenelli}, Aldo M. and {Sheffield}, Allyson and {Li}, Ting S. and
         {Casagrande}, Luca and {Johnston}, Kathryn V. and
         {Laporte}, Chervin F.~P. and {Price-Whelan}, Adrian M.},
        title = "{Two chemically similar stellar overdensities on opposite sides of the plane of the Galactic disk}",
      journal = {\nat},
     keywords = {Astrophysics - Astrophysics of Galaxies},
         year = "2018",
        month = "Mar",
       volume = {555},
       number = {7696},
        pages = {334-337},
          doi = {10.1038/nature25490},
archivePrefix = {arXiv},
       eprint = {1803.00563},
 primaryClass = {astro-ph.GA},
       adsurl = {https://ui.adsabs.harvard.edu/abs/2018Natur.555..334B},
      adsnote = {Provided by the SAO/NASA Astrophysics Data System}
}

@ARTICLE{2018ApJ...854...47S,
       author = {{Sheffield}, Allyson A. and {Price-Whelan}, Adrian M. and
         {Tzanidakis}, Anastasios and {Johnston}, Kathryn V. and
         {Laporte}, Chervin F.~P. and {Sesar}, Branimir},
        title = "{A Disk Origin for the Monoceros Ring and A13 Stellar Overdensities}",
      journal = {\apj},
     keywords = {galaxies: interactions, Galaxy: disk, Galaxy: formation, Galaxy: halo, Galaxy: structure, Astrophysics - Astrophysics of Galaxies},
         year = "2018",
        month = "Feb",
       volume = {854},
       number = {1},
          eid = {47},
        pages = {47},
          doi = {10.3847/1538-4357/aaa4b6},
archivePrefix = {arXiv},
       eprint = {1801.01171},
 primaryClass = {astro-ph.GA},
       adsurl = {https://ui.adsabs.harvard.edu/abs/2018ApJ...854...47S},
      adsnote = {Provided by the SAO/NASA Astrophysics Data System}
}

@ARTICLE{1999ApJ...512L.109J,
       author = {{Johnston}, Kathryn V. and {Zhao}, HongSheng and {Spergel}, David N. and
         {Hernquist}, Lars},
        title = "{Tidal Streams as Probes of the Galactic Potential}",
      journal = {\apjl},
     keywords = {GALAXY: FUNDAMENTAL PARAMETERS, GALAXY: HALO, GALAXY: KINEMATICS AND DYNAMICS, GALAXY: STRUCTURE, Galaxy: Fundamental Parameters, Galaxy: Halo, Galaxy: Kinematics and Dynamics, Galaxy: Structure, Astrophysics},
         year = "1999",
        month = "Feb",
       volume = {512},
       number = {2},
        pages = {L109-L112},
          doi = {10.1086/311876},
archivePrefix = {arXiv},
       eprint = {astro-ph/9807243},
 primaryClass = {astro-ph},
       adsurl = {https://ui.adsabs.harvard.edu/abs/1999ApJ...512L.109J},
      adsnote = {Provided by the SAO/NASA Astrophysics Data System}
}

@ARTICLE{2001ApJ...551..294I,
       author = {{Ibata}, Rodrigo and {Lewis}, Geraint F. and {Irwin}, Michael and
         {Totten}, Edward and {Quinn}, Thomas},
        title = "{Great Circle Tidal Streams: Evidence for a Nearly Spherical Massive Dark Halo around the Milky Way}",
      journal = {\apj},
     keywords = {Galaxies: Kinematics and Dynamics, Galaxy: Formation, Galaxy: Halo, Galaxy: Kinematics and Dynamics, Galaxy: Structure, Galaxies: Local Group, Astrophysics},
         year = "2001",
        month = "Apr",
       volume = {551},
       number = {1},
        pages = {294-311},
          doi = {10.1086/320060},
archivePrefix = {arXiv},
       eprint = {astro-ph/0004011},
 primaryClass = {astro-ph},
       adsurl = {https://ui.adsabs.harvard.edu/abs/2001ApJ...551..294I},
      adsnote = {Provided by the SAO/NASA Astrophysics Data System}
}

@ARTICLE{2004ApJ...610L..97H,
       author = {{Helmi}, Amina},
        title = "{Velocity Trends in the Debris of Sagittarius and the Shape of the Dark Matter Halo of Our Galaxy}",
      journal = {\apjl},
     keywords = {Cosmology: Dark Matter, Galaxy: Fundamental Parameters, Galaxy: Halo, Galaxy: Kinematics and Dynamics, Galaxy: Structure, Astrophysics},
         year = "2004",
        month = "Aug",
       volume = {610},
       number = {2},
        pages = {L97-L100},
          doi = {10.1086/423340},
archivePrefix = {arXiv},
       eprint = {astro-ph/0406396},
 primaryClass = {astro-ph},
       adsurl = {https://ui.adsabs.harvard.edu/abs/2004ApJ...610L..97H},
      adsnote = {Provided by the SAO/NASA Astrophysics Data System}
}

@ARTICLE{2015ApJ...801...98S,
       author = {{Sanderson}, Robyn E. and {Helmi}, Amina and {Hogg}, David W.},
        title = "{Action-space Clustering of Tidal Streams to Infer the Galactic Potential}",
      journal = {\apj},
     keywords = {astrometry, dark matter, Galaxy: halo, Galaxy: kinematics and dynamics, Galaxy: structure, Astrophysics - Astrophysics of Galaxies},
         year = "2015",
        month = "Mar",
       volume = {801},
       number = {2},
          eid = {98},
        pages = {98},
          doi = {10.1088/0004-637X/801/2/98},
archivePrefix = {arXiv},
       eprint = {1404.6534},
 primaryClass = {astro-ph.GA},
       adsurl = {https://ui.adsabs.harvard.edu/abs/2015ApJ...801...98S},
      adsnote = {Provided by the SAO/NASA Astrophysics Data System}
}

@ARTICLE{2019MNRAS.483.1427L,
       author = {{Laporte}, Chervin F.~P. and {Johnston}, Kathryn V. and
         {Tzanidakis}, Anastasios},
        title = "{Stellar disc streams as probes of the Galactic potential and satellite impacts}",
      journal = {\mnras},
     keywords = {Galaxy: disc, Galaxy: evolution, Galaxy: formation, Galaxy: kinematics and dynamics, Galaxy: structure, Astrophysics - Astrophysics of Galaxies},
         year = "2019",
        month = "Feb",
       volume = {483},
       number = {2},
        pages = {1427-1436},
          doi = {10.1093/mnras/sty2362},
archivePrefix = {arXiv},
       eprint = {1803.11198},
 primaryClass = {astro-ph.GA},
       adsurl = {https://ui.adsabs.harvard.edu/abs/2019MNRAS.483.1427L},
      adsnote = {Provided by the SAO/NASA Astrophysics Data System}
}

@ARTICLE{2018ApJ...853..198N,
       author = {{Ness}, M. and {Rix}, H. -W. and {Hogg}, David W. and {Casey}, A.~R. and
         {Holtzman}, J. and {Fouesneau}, M. and {Zasowski}, G. and
         {Geisler}, D. and {Shetrone}, M. and {Minniti}, D. and
         {Frinchaboy}, Peter M. and {Roman-Lopes}, Alexandre},
        title = "{Galactic Doppelg{\"a}ngers: The Chemical Similarity Among Field Stars and Among Stars with a Common Birth Origin}",
      journal = {\apj},
     keywords = {Galaxy: abundances, Galaxy: disk, Galaxy: formation, methods: statistical, open clusters and associations: individual: abundances, stars: abundances, Astrophysics - Solar and Stellar Astrophysics, Astrophysics - Astrophysics of Galaxies},
         year = "2018",
        month = "Feb",
       volume = {853},
       number = {2},
          eid = {198},
        pages = {198},
          doi = {10.3847/1538-4357/aa9d8e},
archivePrefix = {arXiv},
       eprint = {1701.07829},
 primaryClass = {astro-ph.SR},
       adsurl = {https://ui.adsabs.harvard.edu/abs/2018ApJ...853..198N},
      adsnote = {Provided by the SAO/NASA Astrophysics Data System}
}

@ARTICLE{2018arXiv181207581S,
       author = {{Silverwood}, Hamish and {Easther}, Richard},
        title = "{Stellar Accelerations and the Galactic Gravitational Field}",
      journal = {arXiv e-prints},
     keywords = {Astrophysics - Astrophysics of Galaxies, Astrophysics - Earth and Planetary Astrophysics, High Energy Physics - Phenomenology},
         year = "2018",
        month = "Dec",
          eid = {arXiv:1812.07581},
        pages = {arXiv:1812.07581},
archivePrefix = {arXiv},
       eprint = {1812.07581},
 primaryClass = {astro-ph.GA},
       adsurl = {https://ui.adsabs.harvard.edu/abs/2018arXiv181207581S},
      adsnote = {Provided by the SAO/NASA Astrophysics Data System}
}
